2548 4051
884 232 1358 283 COMMENTARIUS
1395 233 1670 285 QrERTmS
2210 233 2271 282 79

697 349 905 416 nibus,
937 365 1056 405 non
1089 365 1200 420 pro
1232 339 1506 406 virilibus
1540 349 1693 405 bona
1716 348 1924 404 Latini
1956 355 2161 418 putant
2189 337 2267 408 ad

697 429 874 501 ‚quia
903 429 1052 484 nullo
1082 429 1483 485 interveniente
1509 436 1770 485 extraneo
1798 430 1932 484 he
2046 444 2166 451 ss*-

697 527 712 565 3
745 527 852 564 non
881 516 980 564 est.
1023 514 1146 565 ⁸21).
1174 511 1279 565 Sed
1312 511 1358 565 si
1378 527 1500 566 cum
1527 509 1721 565 liberis
1746 509 1860 564 suis

697 608 731 645 n
753 599 1020 664 patronus
1044 590 1356 663 reliquerit,
1374 591 1571 646 Caelius
1595 589 1830 646 Sabinus
1855 607 1871 643 ε

697 670 925 726 »artibus
956 671 1023 725 ad
1048 670 1254 726 liberos
1278 670 1513 726 defuncti
1552 669 1871 747 pertinere„

724 750 1034 822 intervenit,
1066 767 1173 806 non
1200 750 1367 807 habet
1394 750 1483 806 lex
1508 751 1671 806 Junia
1699 749 1871 805 locum

697 831 951 887 avolenus
983 843 1166 887 autem
1192 833 1291 901 ait,
1318 840 1532 888 tantum
1565 848 1685 887 eam
1713 840 1869 904 parte

697 928 773 967 *os
823 913 1039 984 patroni
1068 928 1168 985 pro
1218 911 1473 967 virilibus
1514 911 1762 985 partibus
1802 911 1871 966 ha

698 993 715 1046 i
745 992 976 1049 heredes
1009 999 1134 1048 ante
1162 1000 1388 1048 senatus
1422 992 1735 1048 consultum
1761 991 1871 1063 lege

697 1071 917 1144 ·eliquas
949 1089 1081 1127 vero
1138 1080 1335 1145 partes·
1369 1088 1471 1145 pro
1511 1070 1863 1128 hereditariis

735 1156 774 1207 θ
793 1159 858 1208 1.
888 1152 1026 1207 Item
1055 1151 1341 1224 quaeritur,
1364 1169 1431 1207 an
1452 1152 1555 1206 hoc
1583 1160 1809 1207 senatus
1843 1170 1870 1205 e

697 1233 866 1288 'heros
890 1233 1182 1306 pertineat,
1216 1232 1314 1304 qui
1344 1249 1408 1288 ex
1436 1231 1549 1288 filia
1587 1240 1819 1305 nepteve
1864 1251 1871 1305 1

697 1330 741 1368 >s
763 1330 915 1368 meus
949 1330 1012 1368 ex
1042 1312 1152 1368 filia
1176 1313 1357 1386 potior
1386 1313 1456 1368 sit
1484 1312 1538 1367 in
1558 1313 1715 1367 bonis
1746 1311 1871 1367 Lati]

697 1410 794 1463 ·es;
838 1395 995 1461 item,
1054 1410 1133 1450 an
1165 1393 1233 1449 ad
1266 1401 1543 1450 maternos
1594 1391 1817 1448 Latinos
1866 1392 1871 1447 Ἰ

697 1475 893 1543 ·tineat,
930 1475 1218 1546 quaeritur,
1252 1473 1309 1528 id
1333 1481 1431 1543 est,
1465 1474 1595 1546 utgin
1621 1474 1779 1529 bonis
1811 1473 1871 1528 La

697 1571 810 1610 onae
840 1554 1000 1624 filius,
1035 1572 1197 1628 quam
1245 1555 1410 1611 heres
1452 1563 1743 1610 extraneus
1791 1571 1871 1609 ma

697 1652 780 1706 [ute
825 1653 953 1690 casu
999 1634 1180 1691 locum
1229 1653 1350 1692 esse
1398 1633 1864 1692 senatusconsulto

697 1715 872 1788 irique
901 1717 1232 1790 improbant,
1267 1717 1398 1789 quia
1422 1725 1649 1772 senatus
1704 1716 1769 1779 de
1800 1715 1871 1770 his

697 1796 723 1850 il
775 1797 993 1866 sentiat,
1027 1797 1119 1870 qui
1145 1796 1306 1852 aliam
1332 1797 1596 1852 familiam
1638 1813 1871 1869 sequere

697 1922 700 1935 .
743 1876 895 1950 quod
942 1876 1261 1932 nominatim
1315 1877 1673 1932 exheredatos
1722 1893 1871 1932 sumn

719 1956 940 2025 sentire,
974 1957 1067 2031 qui
1094 1958 1420 2013 exheredari
1443 1975 1475 2012 a
1504 1966 1731 2031 parente
1765 1956 1871 2012 sole

697 2047 906 2107 iantur3
937 2056 1112 2112 neque
1138 2045 1319 2094 autem
1343 2039 1505 2094 matri
1542 2039 1715 2116 filium
1764 2037 1871 2092 filia

697 2125 937 2191 iepotem
970 2126 1280 2193 neptemve,
1314 2119 1359 2174 si
1412 2136 1539 2175 eum
1590 2136 1775 2175 eamve
1807 2118 1871 2173 he

702 2198 893 2254 redare
928 2215 1152 2254 necesse
1193 2207 1297 2267 est,
1328 2199 1444 2255 sive
1472 2199 1538 2255 de
1562 2200 1686 2271 jure
1717 2198 1863 2254 civili

697 2296 708 2330 ›
743 2278 1017 2347 PraetoriS,
1069 2296 1176 2353 quo
1213 2280 1500 2352 praeteritis
1547 2280 1737 2336 liberis
1778 2296 1871 2335 con

697 2374 863 2414 iorum
905 2360 1181 2432 possessio
1211 2360 1563 2431 promittitur.

697 2439 791 2493 mdo
821 2447 1007 2494 tamen
1039 2440 1168 2495 civis
1200 2439 1473 2495 Romanus
1512 2441 1742 2497 libertus
1767 2448 1871 2496 tam

700 2517 812 2573 elut
843 2518 889 2574 si
914 2519 1144 2574 Latinus
1177 2518 1326 2575 salvo
1360 2521 1489 2591 jure
1537 2520 1756 2592 patroni
1790 2518 1858 2573 ab

697 2607 1014 2655 :onseoutus
1035 2598 1219 2655 fuerit.
1253 2600 1408 2668 Nam,
1432 2608 1493 2655 ut
1523 2599 1677 2655 divus
1711 2599 1871 2670 Traja

724 2680 891 2736 invito
927 2678 1013 2737 vel
1058 2680 1350 2753 ignorante
1402 2688 1633 2754 patrono
1680 2680 1772 2752 jus
1812 2679 1871 2744 Qu

701 2768 921 2816 secutus
951 2761 1259 2834 sit‚quibus
1282 2761 1502 2817 casibus
1524 2762 1651 2817 dum
1673 2760 1806 2816 vivit
1836 2761 1871 2816 is

706 2840 963 2896 Romanis
991 2841 1206 2897 libertis
1227 2841 1419 2898 similis
1450 2849 1553 2911 est,
1584 2850 1633 2896 et
1650 2843 1830 2914 justos
1861 2842 1871 2895 l

710 2927 893 2975 autem
920 2920 1094 2975 Latini
1119 2922 1265 2993 jure,
1290 2939 1390 2977 nec
1418 2923 1469 2977 ei
1499 2923 1659 2977 liberi
1689 2924 1810 2995 ejus
1832 2922 1867 2976 h

697 3000 798 3055 hoe
829 3005 1039 3055 tantum
1062 3000 1227 3055 habet
1254 3002 1565 3057 testamenti
1591 3000 1871 3057 factionem

697 3078 941 3135 instituat
969 3079 1144 3153 eique,
1171 3081 1215 3135 si
1248 3080 1410 3136 heres
1435 3098 1557 3137 esse
1585 3079 1841 3147 noluerit,
1864 3098 1871 3134 ε

775 3162 896 3214 23.
931 3160 999 3214 Et
1024 3160 1153 3233 quia
1181 3160 1286 3216 hac
1314 3161 1701 3216 constitutione
1729 3160 1871 3215 videl

699 3255 863 3310 quam
892 3238 981 3294 isti
1023 3240 1273 3296 homines
1321 3249 1599 3315 tamquam
1629 3242 1777 3297 cives
1808 3241 1871 3297 R<

697 3320 791 3376 ivis
818 3337 883 3375 eo
931 3320 1058 3391 jure
1093 3329 1288 3394 postea
1318 3323 1405 3377 usi
1456 3329 1660 3391 essent,
1711 3340 1817 3395 quo
1861 3342 1871 3361 Ἰ

697 3400 747 3455 el
780 3419 845 3457 ex
884 3402 1378 3471 senatusconsulto,
1414 3402 1560 3459 cives
1601 3404 1831 3460 Romani
1870 3436 1871 3448 κ

727 3481 1020 3555 iniquitate
1051 3485 1129 3538 rei
1159 3491 1359 3553 motUS‚
1394 3492 1585 3541 auctor
1611 3485 1715 3542 fuit
1752 3502 1871 3542 sena

697 3560 711 3616 i
740 3562 1028 3637 ignorante
1069 3564 1160 3622 vel
1191 3572 1483 3624 recusante
1506 3574 1735 3644 patrono
1760 3566 1844 3621 'ab
1870 3615 1871 3618 ,
