2548 4051
895 191 1373 240 COMMENTARIUS
1410 190 1744 238 SECUNDUS.

331 308 479 363 idem
498 307 642 378 juris
665 314 749 362 est
775 313 828 361 et
858 306 900 361 si
933 307 1039 362 alia
1063 324 1127 361 ex
1155 322 1341 361 causa
1371 312 1759 360 testamentum
1792 323 1823 360 n

333 387 476 461 quod
503 386 711 442 familia
742 404 849 442 non
894 388 1141 453 venierit,
1197 395 1292 441 aut
1325 387 1749 458 nuncupationis
1780 406 1823 440 v‹

333 476 487 524 cutus
530 485 641 523 non
669 467 754 522 sit.
841 472 1022 524 12⁰.
1067 467 1174 522 Sed
1205 467 1483 522 videamus
1514 484 1580 520 an
1613 466 1823 521 etiamsi

327 556 484 603 truus
513 554 718 615 extent,
765 547 1009 620 potiores
1044 546 1262 620 scriptis
1296 546 1593 601 heredibus
1632 546 1823 601 habeat

327 628 470 684 enim
507 627 853 700 imperatoris
898 627 1151 681 Antonini
1191 627 1541 699 significatur
1580 643 1697 695 eos,
1741 626 1823 698 qui

322 707 484 764 bulas
512 708 825 764 testamenti
885 725 993 762 non
1016 708 1140 778 jure
1177 708 1347 763 factas
1387 708 1654 762 bonorum
1704 723 1823 778 poss

320 790 470 857 rint,·
493 804 655 861 posse
684 788 945 844 adversus
979 804 1070 842 eos
1107 788 1202 859 qui
1234 787 1303 842 ab
1332 787 1587 842 intestato
1612 786 1823 843 vindica

325 868 618 925 defendere
654 886 713 923 se
761 885 864 941 per
905 868 1287 941 exceptionem
1329 866 1459 922 doli·
1498 867 1645 923 mali.
1732 873 1823 923 12

326 948 541 1021 quidem
572 948 641 1004 ad
667 948 1039 1004 masculorum
1068 954 1404 1004 testamenta
1444 948 1719 1019 pertinere
1753 964 1823 1001 ce:

327 1028 394 1083 ad
434 1029 762 1084 feminarum
794 1044 918 1100 quae
947 1028 1071 1082 ideo
1124 1044 1233 1082 non
1271 1026 1488 1083 utiliter
1525 1035 1741 1082 testatae
1797 1046 1821 1083 s

326 1110 496 1181 gratia
526 1109 790 1165 familiam
843 1124 951 1162 non
988 1107 1362 1173 vendiderint,
1405 1116 1499 1161 aut
1546 1117 1823 1180 nuncupat

327 1198 465 1245 cutte
492 1207 601 1245 non
632 1188 740 1243 sint
773 1206 786 1242 :
841 1204 909 1242 an
937 1196 1120 1242 autem
1153 1194 1207 1241 et
1237 1186 1304 1241 ad
1352 1204 1416 1241 ea
1454 1193 1783 1241 testamenta
1813 1192 1823 1241 1

324 1270 442 1325 sine
471 1269 666 1325 tutoris
715 1268 1039 1323 auctoritate
1068 1266 1319 1335 fecerint,
1354 1266 1470 1321 hoec
1511 1267 1823 1322 constitutio

324 1349 597 1403 debimuS.
680 1353 860 1404 122.
894 1347 1188 1419 Loquimur
1221 1353 1403 1401 autem
1446 1347 1515 1401 de
1547 1346 1631 1401 his
1662 1346 1823 1401 scilic=

322 1444 432 1483 non
464 1427 517 1481 in
546 1426 790 1498 legitima
820 1432 1108 1499 parentum
1153 1431 1250 1481 aut
1300 1434 1658 1499 patronorum
1703 1434 1820 1481 tute

319 1506 403 1560 his
428 1524 549 1578 quae
576 1507 802 1562 alterius
833 1506 1054 1579 generis
1085 1513 1299 1562 tutores
1334 1506 1560 1573 habent,
1586 1506 1677 1577 qui
1713 1506 1822 1560 etia

319 1595 406 1642 tur
436 1596 684 1642 auctores
736 1587 854 1641 fieri
891 1604 902 1640 τ
945 1585 1186 1660 alioquin
1226 1595 1514 1659 parentem
1549 1593 1604 1641 et
1659 1593 1823 1658 patro·¹

319 1667 535 1723 toritate
576 1667 691 1738 ejus
722 1666 865 1721 facto
906 1674 1236 1721 testamento
1268 1684 1374 1721 non
1416 1665 1749 1722 summoveri
1784 1683 1818 1737 p

224 1740 235 1749 ’
390 1752 570 1804 17⁸3.
600 1747 735 1801 Item
755 1746 848 1819 qui
875 1745 1043 1800 filium
1064 1746 1116 1800 in
1144 1754 1407 1818 potestate
1432 1746 1619 1815 habet,
1645 1763 1823 1801 curam

310 1827 394 1882 vel
414 1828 676 1883 heredem
707 1826 954 1880 instituat
987 1825 1071 1880 vel
1098 1826 1411 1880 nominatim
1438 1827 1772 1882 exheredet:
1808 1844 1823 1881 ε

310 1906 524 1963 silentio
557 1906 905 1981 praeterierit,
937 1905 1203 1961 inutiliter
1231 1906 1557 1961 testabitur:
1588 1906 1724 1960 adeo
1750 1924 1822 1978 qu

309 1996 674 2062 praeceptores
707 1987 1033 2057 existiment,
1071 1987 1289 2043 etiamsi
1344 1986 1463 2042 vivo
1501 1994 1656 2059 patre
1689 1986 1823 2042 filius

311 2070 572 2124 neminem
605 2069 866 2124 heredem
898 2086 962 2122 ex
994 2086 1059 2123 eo
1081 2063 1405 2123 testamento
1432 2068 1661 2123 existere
1692 2084 1823 2140 poss

308 2150 491 2204 statim
546 2148 613 2204 ab
667 2147 818 2202 initio
846 2164 956 2202 non
983 2147 1283 2202 constiterit
1310 2147 1597 2203 institutiO.
1633 2147 1739 2202 Sed
1793 2147 1823 2201 d

308 2236 574 2295 auctoreS‚
608 2227 874 2298 siquidem
904 2227 1056 2284 filius
1089 2229 1279 2284 mortis
1312 2228 1477 2302 patris
1507 2235 1756 2301 tempore
1796 2245 1823 2282 v

307 2309 616 2384 pedimento
648 2326 774 2362 eum
796 2325 915 2362 esse
939 2309 1154 2380 scriptis
1184 2309 1485 2364 heredibus
1513 2316 1567 2364 et
1598 2309 1754 2364 illum
1786 2309 1823 2363 a‘.

306 2391 494 2445 redem
519 2387 640 2442 fieri
671 2389 1026 2455 confitentum
1055 2389 1102 2443 si
1128 2406 1254 2444 vero
1310 2397 1435 2444 ante
1467 2397 1701 2444 mortem
1741 2399 1823 2461 pat

305 2470 392 2539 sit,
439 2487 598 2543 posse
630 2486 695 2523 ex
725 2476 1055 2524 textamento
1108 2468 1484 2525 hereditatem
1530 2469 1666 2523 adiri
1699 2476 1823 2541 puta

304 2550 413 2605 filio
444 2548 862 2622 impediment03
905 2549 1034 2621 quia
1063 2549 1266 2604 scilicet
1300 2549 1603 2603 existimant
1632 2566 1753 2604 non
1789 2562 1823 2603 st

299 2630 562 2685 inutiliter
592 2630 709 2684 fieri
740 2623 1128 2685 testamentum
1158 2629 1267 2683 filio
1300 2629 1597 2701 praeterito.
1685 2634 1823 2685 124

295 2709 592 2765 liberorum
634 2726 891 2781 personas
923 2709 968 2763 si
1000 2709 1331 2782 praeterierit
1370 2716 1619 2775 testator,
1667 2709 1811 2763 valet

292 2792 389 2846 sed
417 2790 707 2863 praeteritae
734 2789 852 2844 istae
890 2807 1142 2861 personae
1170 2790 1390 2862 scriptis
1414 2789 1715 2844 heredibus
1741 2789 1823 2861 inl

264 2878 436 2938 cunt,
469 2870 514 2926 si
545 2869 628 2924 sui
662 2869 892 2924 heredes
927 2869 1054 2936 sint,
1091 2870 1144 2924 in
1174 2869 1418 2935 virilem3
1467 2869 1511 2923 si
1544 2870 1807 2935 extranei,

285 2951 340 3004 id
371 2958 476 3018 est,
509 2950 555 3004 si
583 2950 703 3021 quis
734 2957 842 3004 tres
867 2949 1027 3003 verbi
1054 2950 1230 3021 gratia
1261 2951 1402 3024 tilios
1428 2949 1661 3005 heredes
1690 2950 1818 3004 insti

284 3029 630 3100 praeterierit,
682 3029 792 3083 filia
823 3030 1189 3084 adcrescendo
1223 3047 1320 3102 pro
1360 3037 1553 3102 quarta
1582 3039 1738 3102 parte
1796 3031 1823 3084 fi

289 3105 498 3161 ratione
527 3106 673 3160 idem
704 3107 1077 3178 consequitur,
1111 3109 1257 3179 quod
1280 3113 1350 3163 ab
1381 3109 1638 3163 intestato
1670 3117 1823 3180 patre

288 3194 412 3242 tura
469 3193 620 3241 esset
673 3205 684 3241 :
718 3189 776 3241 at
810 3186 854 3239 si
880 3194 1164 3242 extraneos
1198 3188 1292 3242 ille
1351 3188 1584 3242 heredes
1616 3188 1823 3243 institue

295 3265 636 3339 praeterierit,
659 3265 770 3320 filia
800 3264 1166 3320 adcrescendo
1198 3284 1260 3321 ex
1294 3266 1511 3321 dimidia
1540 3274 1693 3339 parte
1718 3269 1777 3321 fit
1806 3269 1823 3323 l

297 3346 404 3401 filia
432 3346 686 3414 diximus,
716 3345 905 3401 eadem
938 3354 989 3400 et
1016 3346 1082 3400 dc
1116 3355 1314 3419 nepote
1337 3347 1508 3420 deque
1536 3349 1789 3404 omnibus
1813 3349 1823 3403 Ι

302 3427 464 3496 sonis,
507 3443 608 3482 seu
665 3425 949 3481 masculini
987 3443 1087 3481 seu
1133 3427 1379 3498 feminini
1431 3446 1619 3498 sexuS,
1661 3430 1803 3485 dicta

373 3511 551 3564 195.
576 3507 712 3569 Quid
730 3524 858 3580 ergo
884 3508 1002 3563 est?
1017 3507 1146 3563 licet
1168 3526 1248 3564 eae
1269 3509 1564 3564 secundum
1584 3527 1648 3565 ea
1674 3528 1823 3582 quoe(

578 3678 603 3698 *Ι
