2548 4051
798 235 1288 289 COMMENTARIUS
1326 239 1629 296 QUARTUS.

2097 237 2186 286 129

216 353 351 410 serit
371 353 488 409 ficri
510 361 605 410 aut
622 352 738 408 fieri
762 352 1123 427 prohibuerit,
1149 354 1336 410 statim
1361 362 1647 428 peractum
1665 362 1745 410 cst
1767 355 2070 428 negotium
2091 355 2184 401 sed

216 435 285 491 ad
304 435 552 506 judicem
582 442 1063 506 recuperatoresve
1089 435 1206 491 itur
1221 435 1388 491 et.ibi
1424 435 1586 491 editis
1619 435 1868 491 formulis
1903 453 1975 508 qu

216 532 285 570 an
310 513 521 588 aliquid
553 514 815 570 adversus
846 513 1105 570 Praetoris
1146 514 1382 570 edictum
1415 514 1614 571 factum
1643 516 1736 584 sit,
1773 516 1860 571 vel
1891 533 1959 572 an

212 611 323 650 non
354 595 447 664 sit,
480 595 625 667 quod
652 595 701 649 is
735 595 854 649 fieri
875 594 1129 665 jusserit.
1155 594 1222 650 Et
1246 596 1408 651 modo
1437 613 1562 650 cum
1593 613 1755 669 poena
1779 597 1976 668 agitur⁷

214 675 337 732 sine
367 693 529 750 poena
558 694 573 731 t
598 692 718 731 cum
735 692 915 749 poena,
950 675 1120 731 veluti
1150 691 1271 731 cum
1308 693 1410 750 per
1450 677 1798 750 sponsionem
1827 678 1976 748 agitu

211 772 404 828 poena,
462 755 633 812 veluti
680 772 805 812 cum
836 756 1042 823 arbiter
1095 755 1333 826 petitur3
1382 763 1435 811 et
1465 757 1688 830 quidem
1717 775 1782 813 ex
1810 756 1976 830 prohi]

211 837 521 894 interdictis
544 854 763 910 semper
791 836 1254 911 persponsionem
1287 837 1378 909 agi
1399 837 1558 906 solet,
1584 855 1648 893 ex
1678 837 1976 894 restitutori

212 917 303 972 vel
362 916 697 973 exhibitoriis
754 917 913 972 modo
969 933 1066 990 per
1118 916 1497 990 sponsionem,
1553 919 1710 974 modo
1742 935 1842 991 per
1898 918 1976 972 for

210 995 422 1068 agitur,
458 1013 580 1070 quae
610 995 865 1052 arbitaria
887 1003 1125 1052 vocatur.

293 1076 809 1150 142.Principalis
838 1077 1007 1148 igitur
1027 1076 1222 1132 divisio
1239 1076 1295 1132 in
1316 1094 1382 1133 eo
1405 1084 1509 1146 est,
1529 1079 1674 1152 quod
1705 1087 1797 1135 aut
1826 1078 1976 1152 prohi

208 1164 346 1212 sunt
364 1155 650 1212 interdicta
668 1165 765 1213 aut
790 1156 1131 1212 restitutoria
1154 1164 1251 1212 aut
1270 1156 1614 1214 exhibitoria.
1652 1165 1692 1214 1
1707 1163 1835 1215 48.
1865 1161 1976 1232 Seq1

209 1254 277 1294 eo
292 1245 376 1293 est
396 1235 604 1305 divisio,
627 1236 773 1311 quod
829 1235 914 1292 vei
942 1235 1309 1310 adipiscendae
1339 1238 1703 1309 possessionis
1744 1257 1913 1295 causa
1961 1257 1976 1295 ε

205 1325 337 1374 rata
384 1324 510 1372 sunt
566 1317 653 1372 vel
700 1316 999 1373 retinendae
1033 1316 1120 1372 vel
1149 1317 1542 1390 reciperandae.
1583 1325 1764 1375 144.
1803 1319 1976 1393 Αᾶὶρίε

206 1396 583 1472 possessionis
602 1415 765 1453 causa
793 1396 1141 1453 interdictum
1170 1398 1917 1462 accommodaturbonorum
1954 1418 1976 1474 f

204 1478 350 1544 sorI,
384 1478 541 1550 cujus
582 1476 910 1551 principium
973 1485 1058 1534 est
1090 1491 1309 1540 QUORUM
1349 1493 1636 1548 BONORUM3
1701 1481 1954 1554 ejusque>

206 1564 464 1633 potestas
493 1556 608 1612 haec
641 1565 745 1626 est,
776 1565 837 1612 ut
868 1557 1011 1630 quod
1040 1557 1273 1630 quisque
1307 1575 1371 1613 ex
1414 1558 1499 1623 his
1523 1559 1686 1617 bonis
1725 1578 1959 1634 quorum

207 1639 299 1694 sio
328 1638 495 1693 alicui
528 1638 653 1693 data
693 1641 801 1707 est,
843 1654 942 1710 pro
989 1636 1197 1693 herede
1252 1647 1348 1694 aut
1384 1656 1482 1712 pro
1509 1658 1828 1714 possessore
1881 1659 1976 1714 pos

204 1719 267 1774 id
292 1719 343 1774 ei
382 1718 473 1775 cui
513 1718 784 1774 bonorum
804 1717 1078 1790 possessio
1118 1714 1248 1774 data
1307 1727 1414 1786 est,
1448 1721 1804 1778 restituatur:
1847 1739 1948 1794 pro

202 1807 394 1855 autem
417 1799 700 1872 possidere
717 1797 927 1854 videtur
942 1806 1055 1854 tam
1086 1797 1153 1864 is,
1177 1797 1269 1871 qui
1300 1798 1461 1854 heres
1485 1809 1586 1868 est,
1621 1818 1787 1873 quam
1815 1801 1882 1868 is,
1915 1819 1976 1875 qu

203 1896 274 1936 se
300 1878 560 1936 heredem
589 1896 736 1948 csse;
770 1895 869 1952 pro
896 1894 1213 1950 possessore
1243 1895 1294 1934 zs
1320 1880 1585 1951 possidet,
1622 1881 1718 1954 qui
1745 1881 1862 1936 sine
1895 1898 1976 1937 cai

204 1977 380 2034 quam
402 1977 519 2014 rem
553 1957 940 2014 hereditariam
970 1957 1055 2012 vel
1088 1957 1249 2013 etiam
1309 1967 1473 2014 totam
1500 1959 1860 2024 hereditatem
1882 1961 1976 2016 sci(

204 2058 273 2096 se
300 2058 408 2097 non
435 2040 729 2114 pertinere,
762 2039 1036 2112 possidet:
1073 2038 1195 2094 ideo
1221 2048 1401 2095 autem
1427 2040 1796 2114 adipiscendae
1826 2060 1976 2116 posse

202 2129 436 2177 vocatur
466 2121 871 2189 interdictum,
900 2120 1049 2192 quod
1070 2119 1122 2175 ei
1154 2127 1366 2175 tantum
1396 2120 1529 2176 utile
1543 2128 1645 2188 est,
1676 2121 1767 2194 qui
1796 2140 1976 2195 nunc}

208 2197 438 2257 conatur
475 2200 711 2273 adipisci
742 2200 823 2254 rei
851 2199 1280 2273 posscssioncm3
1299 2201 1483 2273 itaque
1512 2200 1557 2255 si
1578 2201 1700 2274 quis
1723 2202 1976 2275 adeptus

207 2281 422 2338 sionem
452 2279 997 2348 amiserit‚desinitei
1017 2279 1071 2334 id
1092 2278 1455 2335 interdictum
1477 2280 1614 2336 utile
1637 2298 1776 2336 esse.
1808 2286 1968 2338 145

208 2380 340 2419 rum
366 2380 583 2436 quoque
605 2360 840 2435 emptori
866 2360 1117 2416 similiter
1139 2360 1470 2433 proponitur
1500 2361 1871 2431 interdictum,
1898 2381 1976 2438 qu

211 2445 344 2499 dem
367 2443 987 2516 possessoriumvocant.
1014 2447 1054 2496 1
1070 2445 1197 2496 40.
1214 2439 1352 2496 Item
1374 2440 1444 2507 ei,
1461 2441 1555 2513 qui
1574 2442 1792 2512 publica
1807 2443 1976 2497 bona:

213 2524 466 2597 ejusdem
519 2522 842 2579 conditionis
899 2519 1247 2576 interdictum
1291 2520 1624 2593 proponitur,
1675 2523 1820 2594 quod
1887 2540 1976 2595 ap}

211 2604 705 2677 sectorium,quod
732 2612 975 2658 sectores
1008 2608 1291 2667 vocantur,
1316 2600 1406 2672 qui
1442 2601 1663 2674 publice
1686 2602 1829 2658 bona
1850 2620 1976 2658 mer«

293 2690 336 2741 1
348 2691 396 2741 Δ
408 2689 447 2742 ’U
463 2728 476 2740 .
493 2683 850 2740 Interdictum
866 2699 1105 2755 quoque,
1118 2681 1265 2755 quod
1286 2680 1596 2754 appellatur
1611 2682 1946 2753 Sanianum,
1970 2702 1976 2737 ε

213 2764 408 2822 cendae
438 2763 793 2838 possessionis
814 2778 992 2820 causa
1020 2770 1394 2835 comparatum
1423 2769 1526 2831 est,
1541 2779 1720 2835 eoque
1736 2763 1908 2820 utitur
1938 2762 1972 2819 d

213 2845 372 2901 fundi
400 2844 468 2900 de
498 2844 661 2909 rebus
716 2841 909 2909 coloni,
944 2860 1078 2915 quas
1134 2843 1183 2897 is
1226 2858 1339 2913 pro
1389 2842 1735 2899 mercedibus
1779 2843 1935 2899 fundi
1975 2863 1976 2866 ¹

212 2927 435 2981 futuras
468 2923 791 2998 pepigisset.
875 2927 1056 2979 148.
1092 2920 1410 2977 Retinendae
1441 2924 1814 2995 possessionis
1860 2941 1976 2979 caus

215 3004 563 3068 interdictum
596 3004 771 3073 reddi,
800 3020 922 3060 cum
957 3003 1027 3059 ab
1057 3008 1296 3074 utraque
1327 3009 1484 3074 parte
1505 3003 1573 3057 de
1600 3002 1930 3076 proprietate
1959 3020 1976 3058 ε

213 3084 302 3140 rei
330 3085 697 3141 controversia
745 3092 847 3152 est,
900 3090 953 3140 et
992 3090 1117 3139 ante
1176 3081 1470 3154 quaeritur,
1524 3091 1650 3138 uter
1705 3100 1770 3137 ex
1816 3083 1972 3155 litiga

219 3164 503 3239 possidere
549 3172 603 3220 et
630 3172 753 3221 uter
792 3172 983 3238 petere
1042 3162 1270 3228 debeat3
1329 3161 1483 3232 cujus
1526 3163 1607 3218 rei
1637 3162 1816 3236 gratia
1882 3178 1976 3217 con

222 3252 350 3301 sunt
378 3259 471 3301 Uri
529 3259 835 3302 POSSIDETIS
864 3251 1149 3300 eternum.
1233 3245 1416 3297 149.
1442 3242 1745 3316 thuidem
1777 3262 1865 3304 UTI
1895 3257 1976 3299 Ροε

222 3326 575 3382 interdictum
605 3325 833 3382 defundi
862 3322 948 3380 vel
968 3324 1167 3379 aediurn
1182 3323 1534 3395 possessione
1556 3322 1821 3391 redditur,
1848 3338 1976 3380 U‘rat

225 3407 291 3461 de
313 3422 505 3462 rerum
526 3405 808 3461 mobilium
842 3404 1207 3478 possessione.
1256 3410 1297 3459 1
1312 3408 1440 3460 ὅθ.
1457 3403 1526 3458 Et
1546 3402 1815 3475 siquidem
1837 3403 1976 3458 defu

225 3487 438 3542 {edibus
476 3485 843 3552 interdicitur,
871 3502 997 3539 eum
1064 3484 1333 3558 potiorem
1387 3500 1524 3551 esse¹
1556 3484 1762 3540 Praetor
1783 3484 1958 3554 jubet,

224 3575 470 3641 tempore
503 3583 611 3639 quo
643 3566 994 3622 interdictum
1023 3564 1291 3635 redditur,
1319 3582 1418 3621 nee
1438 3564 1489 3621 vi
1517 3582 1620 3621 nec
1649 3564 1787 3621 clam
1819 3579 1920 3618 nec
1949 3579 1976 3636 p
