2548 4051
846 254 1352 306 -coMuuN‘rARms
1389 253 1636 306 ptumus.
1845 221 1850 224 ’
2228 255 2255 306 ⁷

282 384 636 442 concurrunt,
664 381 725 431 ut
743 374 919 448 major
956 377 1027 430 sit
1054 390 1321 431 annorum
1345 372 1592 446 triginta,
1631 379 1685 428 et
1715 388 1779 428 ex
1800 372 1924 444 jure
1955 371 2253 438 Quiritium

280 457 509 526 domini,
542 457 764 528 etjusta
792 474 854 512 ac
884 455 1129 530 legitima
1160 455 1592 511 manumissione
1609 454 1898 521 liberetur,
1923 454 1977 509 id
2009 462 2113 522 est,
2139 455 2253 509 vin-

278 537 443 606 dicta,
480 545 574 594 aut
602 555 792 608 censu,
820 546 911 594 aut
934 544 1288 604 testamentO,
1321 537 1370 592 is
1397 537 1534 592 civis
1564 537 1836 592 Romanus
1863 535 1960 606 fit;
1991 535 2076 591 sin
2119 553 2251 592 vcro

275 618 489 692 aliquid
519 636 707 675 eorum
734 619 933 686 deerit,
966 619 1191 674 Latinus
1222 617 1346 674 erit.

348 699 435 772 VI.
461 699 539 755 DE
561 713 992 756 MANUMffistoNE
1022 714 1131 755 VEL
1163 712 1356 755 CAUSAE
1388 711 1765 755 pnouA'rloNE.
1821 703 1946 753 18.
1981 697 2134 762 Quod
2157 715 2252 754 au-

275 786 389 835 tem
416 781 483 836 de
514 787 679 837 astate
713 780 857 836 servi
885 779 1207 854 requiritur,
1225 780 1349 853 lege
1366 779 1508 835 AElia
1528 778 1715 835 Sentia
1734 778 2112 836 introductum
2131 788 2247 848 est;

272 878 400 918 nam
426 879 491 918 ea
520 862 607 918 lex
635 861 871 917 minores
900 863 1036 918 XXX
1062 861 1336 917 annorum
1368 877 1554 916 servos
1585 877 1695 915 non
1723 859 1882 916 aliter
1918 858 2093 916 voluit
2131 877 2249 916 ma-

272 942 547 1000 numissos
572 942 719 999 cives
752 941 1022 999 Romanos
1042 941 1186 1010 fieri,
1217 959 1384 1014 quam
1414 941 1458 997 si
1487 941 1749 1009 vindicta,
1783 940 1929 1013 apud
1959 939 2248 998 consilium

264 1023 415 1096 justa
434 1041 601 1080 causa
626 1022 1072 1078 manumissionis
1090 1023 1410 1096 adprobata,
1435 1021 1646 1078 liberati
1661 1021 1883 1078 fuerint.
1943 1026 2070 1077 19.
2095 1021 2250 1078 Justa

270 1111 459 1159 autem
498 1121 670 1159 causa
698 1103 1145 1158 manumissionis
1184 1110 1286 1170 est,
1323 1103 1489 1158 veluti
1529 1103 1576 1158 si
1616 1103 1739 1176 quis
1769 1102 1941 1158 fllium
1986 1103 2244 1170 filiamve,

268 1193 363 1240 aut
410 1185 641 1239 fratrem
672 1199 990 1260 sororemye
1021 1181 1358 1249 naturalem,
1379 1191 1470 1237 aut
1518 1183 1819 1252 alumnum,
1861 1192 1953 1240 aut
1995 1185 2245 1258 paedago-

265 1281 417 1338 gum,
449 1271 548 1320 aut
578 1279 798 1319 servum
819 1261 1189 1334 procuratoris
1220 1259 1461 1317 habendi
1495 1262 1702 1334 gratia,
1728 1272 1820 1319 aut
1849 1263 2102 1320 ancillam
2135 1279 2245 1319 ma-

262 1344 508 1401 trimonii
542 1361 731 1412 causa,
764 1343 910 1416 apud
944 1342 1234 1398 consilium
1259 1340 1628 1398 manumittat.

336 1424 451 1480 VII.
486 1424 565 1479 DE
594 1437 850 1480 CONSILIO
877 1437 1220 1479 ADHIBENDO.
1248 1428 1376 1482 ΕΦ.
1403 1420 1703 1502 Consilium
1718 1429 1904 1480 autem
1933 1424 2244 1496 adhibetur,

260 1506 321 1560 in
350 1506 490 1560 urbe
524 1505 695 1560 Roma
734 1504 974 1577 quidem,
1007 1504 1252 1578 quinque
1285 1512 1599 1560 senatorum
1629 1511 1683 1560 et
1728 1504 1971 1578 quinque
2001 1506 2244 1579 equitum

262 1587 635 1643 Romanorum
656 1586 928 1658 puberum
946 1604 960 1654 ;
981 1585 1038 1639 in
1060 1584 1355 1659 provinciis
1375 1591 1557 1640 autem
1578 1584 1770 1658 viginti
1796 1595 2245 1659 recuperatorum

261 1667 461 1722 civium
491 1668 891 1735 Romanorum3
925 1667 1088 1738 idque
1119 1665 1176 1723 fit
1202 1665 1393 1720 ultimo
1426 1665 1512 1720 die
1544 1673 1842 1722 conventus
1877 1684 1888 1720 ε
1928 1667 2024 1722 sed
2063 1667 2243 1726 nomm

258 1747 426 1804 certis
454 1747 652 1808 diebus
692 1747 838 1820 apud
883 1746 1169 1803 consilium
1215 1746 1690 1803 manumittuntur.
1723 1747 1957 1819 Majores
1990 1765 2116 1804 vero
2147 1750 2243 1805 tri-

254 1828 414 1902 ginta
450 1845 720 1884 annorum
754 1827 899 1884 servi
937 1845 1158 1901 semper
1196 1827 1503 1883 manumitti
1545 1825 1742 1896 solent,
1795 1828 1931 1884 adeo
1973 1836 2032 1884 ut
2063 1829 2150 1885 vel
2188 1829 2244 1886 in

253 1909 491 1964 transitu
527 1909 994 1977 manumittantur,
1036 1908 1207 1964 veluti
1254 1926 1378 1964 cum
1410 1907 1620 1964 Praetor
1659 1916 1748 1963 aut
1780 1926 1876 1982 pro
1920 1910 2146 1965 consule
2186 1912 2241 1966 in

252 1989 514 2047 balneum
536 1990 624 2047 vel
642 1989 695 2045 in
725 1990 1004 2047 theatrum
1025 1997 1133 2047 eat.
1184 1995 1312 2050 πί.
1335 1989 1608 2047 Praeterea
1635 1989 1812 2046 minor
1830 1990 2058 2063 triginta
2074 2009 2241 2048 anno-

251 2088 377 2127 rum
407 2088 594 2128 servus
654 2072 1045 2140 manumissuS,
1105 2079 1290 2146 potest
1338 2071 1467 2127 civis
1500 2072 1776 2127 Romanus
1816 2069 1955 2149 fieri,
1997 2072 2042 2128 si
2073 2074 2141 2128 ab
2177 2090 2240 2130 eo

250 2152 492 2224 domino,
538 2152 631 2226 qui
663 2153 923 2209 solvendo
955 2169 1061 2210 non
1092 2161 1229 2223 erat,
1260 2160 1592 2209 testamento
1622 2170 1746 2210 eum
1774 2151 2012 2209 liberum
2069 2162 2121 2211 et
2144 2154 2214 2214 hc

246 2234 445 2289 redem
469 2233 724 2289 relictum
733 2275 841 2291 .....

470 2340 541 2397 (24
564 2352 714 2383 versus
740 2341 825 2391 hic,
860 2339 904 2387 in
940 2340 1100 2393 codice,
1142 2342 1227 2396 legi
1268 2345 1478 2396 nequeunt
1517 2346 1559 2387 et
1597 2343 1912 2386 restitutionum
1941 2344 2076 2387 series
2114 2348 2236 2388 antea

520 2404 841 2458 propositarum,
868 2404 948 2447 hoc
977 2404 1069 2449 loco
1108 2405 1273 2459 penitus
1309 2407 1538 2457 evanescit,
1570 2418 1622 2450 ex
1651 2408 1891 2462 nuperrima
1915 2407 2076 2451 codicis
2100 2408 2234 2451 colla-

519 2465 650 2517 tione,
682 2467 966 2523 siglarumque
991 2469 1294 2523 inspectione).

322 2570 427 2624 7272
438 2606 547 2621 .....
553 2564 805 2623 homines
836 2566 1015 2624 Latini
1044 2565 1265 2623 Juniani
1295 2567 1678 2643 appellantur:
1713 2566 1892 2623 Latini
1930 2566 2073 2637 ideo,
2105 2570 2232 2641 quia

241 2644 563 2705 adsimulati
596 2656 721 2704 sunt
754 2648 959 2705 Latinis
988 2647 1338 2716 coloniariis3
1377 2648 1595 2705 Juniani
1625 2648 1750 2705 ideo
1779 2666 1937 2718 ver0,
1965 2650 2094 2723 quia
2132 2667 2231 2723 per

240 2727 427 2797 legem
459 2727 675 2785 Juniam
714 2729 1029 2785 libertatem
1062 2736 1411 2801 acceperunt,
1442 2747 1565 2785 cum
1597 2729 1724 2786 olim
1749 2730 1892 2786 servi
1910 2731 2230 2789 viderentur

240 2824 390 2863 esse.
429 2812 555 2865 28.
580 2810 713 2868 Non
734 2817 923 2866 tamen
948 2809 1059 2865 illis
1078 2811 1349 2884 permittit
1374 2810 1460 2867 lex
1489 2810 1652 2867 Junia
1670 2812 1756 2868 vel
1777 2812 1913 2886 ipsis
1940 2820 2226 2869 testamen·

234 2894 357 2943 tum
380 2888 582 2956 facere,
615 2889 702 2944 vel
733 2908 798 2945 ex
828 2897 1152 2948 testamento
1182 2891 1366 2947 alieno
1417 2908 1642 2967 capere,
1668 2890 1753 2948 vel
1801 2900 2012 2949 tutores
2065 2902 2224 2952 testa-

231 2977 420 3025 mento
446 2969 587 3025 dari.
642 2976 768 3029 24.
798 2971 951 3035 Quod
978 2980 1161 3027 autem
1190 2972 1526 3041 diximus‚ex
1556 2981 1888 3037 testamento
1917 2991 2008 3031 eos
2027 2993 2224 3049 capere

230 3063 347 3103 non
378 3066 557 3121 posse,
588 3048 665 3107 ita
704 3050 1109 3124 intellegemus,
1144 3069 1213 3108 ne
1241 3052 1376 3127 quid
1416 3054 1626 3112 directo
1656 3055 1977 3110 hereditatis
2019 3055 2222 3129 legato-

229 3144 432 3185 rumve
456 3128 671 3183 nomine
698 3147 791 3187 eos
808 3147 969 3203 posse
1000 3150 1197 3204 capere
1226 3132 1502 3204 dicamus;
1535 3134 1778 3207 alioquin
1821 3151 1922 3207 per
1949 3135 2222 3195 fideicom-

234 3208 465 3265 missum
494 3224 693 3280 capere
726 3218 973 3283 possunt.
1038 3216 1165 3267 25.
1199 3213 1266 3265 Hi
1295 3228 1450 3279 vcro,
1484 3215 1577 3285 qui
1599 3213 1973 3273 dedititiorum
1993 3235 2218 3276 numero

234 3297 383 3360 sunt,
415 3287 570 3345 nullo
609 3290 797 3359 modo,
856 3306 921 3345 ex
976 3298 1308 3349 testamento
1340 3308 1536 3365 capere
1589 3304 1842 3369 possunt,
1884 3315 1989 3355 non
2019 3302 2216 3373 magiS,

235 3386 399 3444 quam
426 3368 654 3444 quilibet
677 3370 1030 3444 peregrinUS,
1051 3371 1267 3447 necipsi
1284 3377 1868 3435 testamentumfaccre
1883 3388 2109 3452 possunt
2131 3395 2215 3433 se-

234 3449 475 3507 cundum
507 3449 563 3505 id
602 3450 749 3525 quod
791 3452 967 3526 magis
1014 3452 1243 3527 placuit.
1323 3460 1454 3515 28.
1499 3457 1742 3514 Pessima
1773 3458 1956 3532 itaque
1990 3460 2216 3512 libertas

234 3547 431 3587 eorum
456 3538 557 3599 est,
586 3532 679 3604 qui
721 3532 1095 3591 dedititiorum
1143 3552 1370 3593 numero
1419 3546 1587 3595 sunt:
1635 3556 1736 3594 nec
1775 3537 1889 3592 ulla
1937 3538 2080 3607 lege,
2121 3542 2214 3589 aut

234 3612 701 3671 senatusconsulto
725 3654 741 3684 ,
785 3622 879 3671 aut
917 3617 1303 3674 constitutione
1343 3617 1668 3691 principali,
1721 3617 1896 3670 aditus
1943 3613 2054 3666 illis
2075 3655 2093 3679 „
2141 3614 2210 3666 ad
