2548 4051
792 225 1270 275 COMMENTARIUS
1309 228 1640 278 SECUNDUS.
2148 233 2205 281 37

306 346 431 397 43.
472 341 724 397 Ceterum
771 341 936 397 etiam
981 359 1168 396 earum
1215 359 1402 397 rerum
1434 344 1693 417 usucapio
1738 346 1894 401 nobis
1925 348 2205 420 competit,

225 440 358 496 quae
388 440 500 477 non
534 440 566 476 a
601 422 815 477 domino
842 423 1000 477 nohis
1029 422 1241 477 traditae
1279 423 1505 487 fuerint,
1536 424 1650 479 sive
1690 426 1928 499 mancipi
1980 429 2087 483 sint
2131 447 2210 486 eae

223 520 322 558 res
370 504 484 558 sive
517 520 620 557 nec
652 502 910 575 mancipi,
946 503 991 557 si
1019 503 1182 558 modo
1213 519 1302 559 eas
1330 504 1479 559 bona
1508 504 1613 559 fide
1646 507 2055 580 acceperimus,
2086 525 2210 564 cum

225 583 603 650 crederemuS,
632 600 775 650 eum,
811 583 903 654 qui
928 582 1191 650 traderet,
1227 583 1511 638 dominum
1547 602 1690 641 esse.
1741 591 1870 643 44.
1905 587 2059 650 Quod
2089 588 2211 644 ideo

224 672 513 737 receptum
572 662 802 730 videtur,
837 680 907 717 ne
933 679 1118 717 rerum
1148 662 1390 717 dominia
1412 663 1620 719 diutius
1647 665 1704 719 in
1740 665 1945 721 incerto
2005 678 2209 736 essent,

228 761 357 800 cum
411 742 684 798 sufficeret
737 742 954 798 domino
1012 743 1080 798 ad
1136 742 1513 815 inquirendam
1562 761 1677 799 rem
1736 762 1892 800 suam
1944 748 2070 802 anni
2121 757 2216 804 aut

226 824 437 879 biennii
469 823 730 895 spatium3
763 823 911 894 quod
939 833 1154 896 tempus
1174 824 1243 878 ad
1270 824 1663 896 usucapionem
1696 826 2005 897 possessori
2042 828 2213 883 trihu-

228 912 346 959 tum
381 911 482 959 est.

309 988 434 1040 45.
486 985 596 1040 Sed
625 984 916 1056 aliquando
982 984 1204 1039 etiamsi
1233 985 1462 1040 maxime
1497 986 1621 1058 quis
1660 986 1801 1042 hona
1829 989 1933 1044 fide
1982 989 2215 1057 alienam

227 1082 350 1119 rem
399 1065 700 1137 possideat,
735 1074 1056 1120 nontamen
1084 1064 1166 1118 illi
1222 1066 1491 1138 usucapio
1519 1067 1784 1138 procedit,
1820 1070 1967 1125 velut
1992 1070 2037 1126 si
2092 1071 2215 1143 quis

228 1163 352 1200 rem
373 1146 620 1201 furtivam
651 1151 745 1199 aut
774 1144 827 1198 vi
856 1160 1164 1216 possessam
1190 1144 1503 1215 possideat3
1540 1163 1668 1201 nam
1714 1148 1973 1205 furtivam
2008 1152 2096 1206 lex
2121 1152 2214 1206 ΧΠ

227 1225 541 1281 tabularum
591 1223 819 1296 usucapi
847 1222 1123 1294 prohihet,
1155 1222 1206 1276 vi
1248 1239 1567 1297 possessam
1596 1224 1683 1278 lex
1716 1226 1855 1281 Julia
1895 1238 1949 1284 et
1982 1229 2213 1286 Plautia.

232 1310 365 1361 46.
389 1306 547 1374 Item,
580 1303 936 1377 provincialia
965 1302 1178 1374 praedia
1208 1304 1607 1375 usucapionem
1627 1320 1734 1357 non
1759 1306 2047 1378 recipiunt.
2085 1313 2214 1364 4¹2.

226 1387 373 1441 Item
386 1386 522 1441 olim
543 1384 785 1438 mulieris
812 1400 933 1455 quae
955 1383 1010 1436 in
1024 1390 1347 1454 agnatorum
1377 1383 1553 1438 tutela
1580 1393 1818 1451 erat,res
1838 1388 2077 1459 mancipi
2094 1406 2219 1442 usu-

224 1465 474 1536 capinon
507 1473 781 1537 poterant,
802 1470 1172 1536 praeterquam
1194 1463 1240 1517 si
1267 1462 1491 1535 abipsa,
1520 1471 1701 1518 tutore
1726 1468 1985 1535 auctore,
2007 1467 2220 1523 traditae

225 1552 413 1599 essent
431 1544 617 1616 :idque
640 1546 713 1599 ita
730 1544 852 1615 lege
876 1543 968 1598 XII
985 1542 1293 1598 tabularum
1316 1548 1555 1599 cautum
1575 1550 1722 1600 erat.
1743 1550 1871 1601 48.
1895 1547 2035 1601 Item
2082 1548 2221 1603 libe-

225 1642 326 1681 ros
358 1625 604 1680 homines
632 1634 685 1680 et
716 1642 804 1679 res
830 1641 1018 1679 sacras
1050 1631 1106 1679 et
1134 1623 1425 1695 religiosas
1448 1624 1681 1699 usucapi
1712 1642 1822 1680 non
1845 1642 2015 1697 posse
2050 1630 2219 1683 mani-

221 1706 427 1760 festum
448 1714 548 1761 est.
582 1709 711 1760 49.
745 1698 897 1767 Quod
932 1720 1062 1773 ergo
1094 1703 1256 1774 vulgo
1284 1704 1485 1759 dicitur
1512 1704 1840 1760 furtivarum
1876 1724 2064 1762 rerum
2083 1717 2138 1763 et
2165 1709 2218 1763 vi

232 1802 612 1858 possessarum
641 1783 1036 1855 usucapionem
1066 1799 1163 1855 per
1188 1783 1375 1855 legem
1403 1783 1498 1837 XII
1532 1784 1851 1841 tabularum
1883 1788 2219 1859 prohibitam

233 1883 380 1933 esse,
401 1882 521 1920 ·non
575 1882 640 1920 eo
670 1863 931 1938 pertinet,
963 1870 1024 1916 ut
1057 1878 1127 1914 ne
1160 1863 1272 1932 ipse
1302 1862 1399 1916 fur
1433 1864 1593 1933 quive
1625 1881 1727 1934 per
1788 1865 1896 1919 vim
1939 1868 2215 1937 possidet,

228 1963 544 2018 usucapere
576 1944 780 2017 possit,
796 1960 924 1997 nam
954 1941 1083 1997 huic
1104 1940 1211 1997 alia
1245 1942 1460 1997 ratione
1490 1944 1751 2015 usucapio
1785 1961 1892 1998 non
1934 1947 2214 2018 competit,

227 2024 364 2099 quia
391 2025 599 2082 scilicet
628 2023 771 2080 mala
795 2024 900 2079 fide
931 2021 1210 2095 possidet3
1244 2022 1341 2077 sed
1372 2039 1475 2076 nec
1506 2021 1653 2077 ullus
1684 2022 1850 2090 alim,
1885 2042 2218 2097 quamquam

224 2107 298 2162 ab
363 2124 425 2162 eo
475 2108 618 2162 hona
641 2106 744 2160 fide
776 2105 987 2172 emerit,
1020 2102 1383 2174 usucapiendi
1406 2103 1498 2173 jus
1535 2102 1758 2158 habeat.
1811 2107 1939 2159 ὅθ.
1975 2105 2130 2162 Unde
2160 2108 2216 2162 in

224 2187 395 2242 rebus
425 2186 714 2241 mobilibus
758 2201 868 2240 non
916 2182 1078 2238 facile
1100 2183 1388 2253 procedet,
1438 2185 1505 2237 ut
1562 2183 1713 2238 bonae
1750 2185 1884 2254 fidei
1907 2191 2217 2256 possessori

221 2268 502 2337 usucapio
534 2273 832 2338 competat,
873 2263 1002 2336 quia
1043 2262 1135 2335 qui
1176 2262 1411 2316 alienam
1448 2279 1564 2317 rem
1604 2264 1850 2319 vendidit
1874 2272 1929 2320 et
1970 2268 2211 2336 tradidit,

223 2347 435 2402 furtum
461 2344 748 2401 committit
763 2361 777 2411 ;
794 2344 1046 2416 idemque
1073 2342 1272 2397 accidit
1293 2342 1457 2396 etiam
1479 2342 1524 2396 si
1544 2359 1608 2397 ex
1622 2343 1732 2398 alia
1755 2361 1923 2400 causa
1942 2346 2209 2402 tradatur.

225 2425 341 2481 Sed
392 2433 575 2481 tamen
628 2425 730 2479 hoc
786 2422 1078 2495 aliquando
1105 2421 1264 2476 aliter
1291 2439 1350 2476 se
1389 2420 1587 2488 habet3
1620 2440 1747 2477 nam
1797 2423 1853 2483 si
1883 2424 2051 2480 'heres
2097 2445 2214 2482 rem

224 2505 489 2562 defuncto
513 2505 910 2562 commodatam
933 2509 1027 2557 aut
1045 2500 1274 2556 locatam
1305 2500 1392 2554 vel
1418 2503 1565 2571 apud
1582 2517 1709 2556 eum
1730 2503 2055 2573 depositam,
2076 2507 2209 2561 exis-

223 2586 428 2642 timans
454 2605 572 2642 eam
604 2603 726 2641 csse
770 2580 1174 2646 hereditariam,
1209 2578 1520 2634 vendiderit
1558 2588 1650 2633 aut
1681 2581 1985 2649 donaverit,
2012 2583 2214 2640 furtum

224 2683 344 2723 non
372 2667 678 2736 committit3
705 2666 835 2721 item
874 2668 914 2718 si
955 2662 1003 2716 is
1037 2663 1107 2718 ad
1141 2677 1305 2733 quem
1331 2657 1539 2714 ancillae
1570 2659 1915 2716 ususfructus
1953 2664 2210 2735 pertinet,

227 2755 454 2824 partum
477 2750 652 2802 etiam
673 2763 833 2800 suum
856 2760 974 2799 esse
1000 2741 1229 2797 credens
1247 2738 1554 2795 vendiderit
1569 2747 1661 2794 aut
1686 2741 1987 2812 donaverit,
2002 2743 2213 2801 furtum

228 2845 344 2885 non
355 2827 671 2894 committit3
693 2827 903 2895 furtum
931 2823 1072 2878 enim
1094 2823 1211 2877 sine
1235 2820 1453 2875 adfectu
1469 2819 1685 2875 furandi
1705 2838 1812 2877 non
1829 2824 2205 2881 committitur.

223 2908 365 2966 Aliis
389 2924 605 2981 quoque
646 2904 820 2959 modis
859 2902 1113 2958 accidere
1156 2908 1355 2975 potest,
1388 2907 1448 2955 ut
1478 2900 1572 2970 qui
1611 2899 1725 2955 sine
1756 2901 1885 2956 vitio
1927 2904 2062 2960 furti
2094 2923 2210 2960 rem

229 2989 461 3046 alienam
494 2987 564 3042 ad
588 2987 826 3058 aliquem
847 2983 1138 3039 transferat
1167 2990 1222 3036 et
1255 2980 1470 3058 efficiat,
1490 2988 1550 3034 ut
1580 2997 1611 3034 a
1639 2997 1964 3052 possessore
2006 3003 2209 3040 usuca-

233 3072 442 3146 piatur.
508 3071 634 3121 51.
668 3065 844 3120 Fundi
875 3078 1091 3135 quoque
1125 3059 1286 3114 alieni
1319 3066 1496 3130 potest
1525 3058 1721 3131 aliquis
1752 3061 1873 3117 sine
1903 3063 1955 3116 vi
1985 3078 2207 3134 posses-

233 3152 447 3208 sionem
476 3145 740 3209 nancisci,
782 3160 902 3214 quae
932 3142 1103 3196 velex
1132 3137 1484 3212 neglegentia
1515 3138 1721 3194 domini
1750 3149 1924 3208 vacet,
1959 3143 2041 3198 vel
2078 3149 2208 3220 quia

232 3229 481 3287 dominus
521 3225 635 3281 sine
682 3237 995 3279 successore
1035 3219 1332 3273 decesserit
1364 3218 1449 3270 vel
1480 3216 1640 3288 longo
1669 3225 1919 3291 tempore
1957 3222 2156 3283 afuerit
2190 3248 2201 3282 :

234 3326 401 3384 quam
456 3307 503 3363 si
551 3306 618 3361 ad
663 3305 835 3360 alium
863 3302 1006 3357 bona
1035 3299 1140 3353 fide
1168 3295 1526 3370 accipientem
1583 3299 1947 3369 transtulerit,
2001 3308 2206 3378 poterit

233 3406 542 3462 usucapere
590 3401 908 3459 possessor;
960 3388 1011 3436 et
1057 3378 1301 3453 quamvis
1348 3377 1468 3450 ipse
1512 3377 1603 3449 qui
1655 3388 1940 3436 vacantem
1988 3403 2205 3457 posses-

236 3475 454 3528 sionem
483 3477 674 3524 nactus
707 3472 809 3534 est,
845 3461 1136 3535 intellegat
1165 3459 1405 3514 alienum
1436 3474 1555 3512 esse
1581 3459 1831 3528 fundum,
1853 3465 2041 3520 tamen
2066 3465 2203 3519 nihil

232 3553 345 3608 hoc
393 3550 544 3606 bonoe
572 3548 702 3620 fidei
741 3543 1041 3617 possessori
1075 3539 1145 3596 ad
1174 3538 1571 3612 usucapionem
1620 3546 1801 3608 nocet,
1836 3558 1965 3597 cum
1995 3543 2202 3614 impro-

1928 3637 1957 3682 3
