2548 4051
801 249 1285 331 communaliis
1320 275 1617 337 onmes.
2100 273 2185 322 127

211 392 459 450 formula
489 407 597 466 qua
624 391 894 446 incertum
929 392 1186 465 petimus,
1229 394 1390 464 cujus
1431 390 1663 448 intentio
1710 389 1794 444 his
1833 390 2015 446 verbis
2064 407 2192 446 con-

217 482 378 547 cepta
408 479 523 528 est:
557 484 821 534 anan
851 485 1032 527 PARET
1084 485 1141 529 N.
1196 485 1449 530 NEGmmM
1483 485 1537 528 A.
1572 482 1772 528 AGEmo
1806 481 1947 526 DARE
1970 483 2189 528 FACERE

217 567 534 619 OPORTERE,
561 558 726 608 totam
757 551 1173 623 obligationem,
1206 553 1264 608 id
1291 561 1374 608 est
1404 552 1567 608 etiam
1594 552 1835 606 futuram
1872 549 1929 604 in
1961 548 2064 605 hoc
2102 552 2191 623 ju-

215 635 424 689 dicium
453 632 778 690 deducimus
821 639 876 687 et
917 633 1065 705 quod
1096 641 1222 689 ante
1253 640 1475 707 tempus
1506 631 1863 705 obligationis
1914 645 2192 686 emensum

209 716 424 786 petitio
455 715 621 770 nullo
649 714 819 770 modo
861 713 981 769 fleri
1009 729 1082 770 em
1115 731 1182 772 ea
1211 721 1395 789 potest
1427 729 1531 770 nec
1571 716 1655 769 est
1694 713 2006 785 permissa,
2056 713 2190 767 reli-

213 811 392 868 quum
416 795 738 866 perdimus.
766 793 1086 864 (Huschke).

291 880 444 932 131
477 891 528 930 a.
563 873 700 930 Item
721 874 768 930 si
792 874 944 929 verbi
969 875 1152 948 gratia
1172 892 1237 932 ex
1267 882 1455 949 empto
1476 876 1801 947 agamus,ut
1816 871 1975 955 nobis
1995 871 2191 928 fundus

214 955 484 1028 mancipio
529 954 713 1022 detur,
764 954 1028 1010 dehemus
1059 957 1148 1012 ita
1177 956 1541 1027 praescribere
1580 973 1593 1009 ε
1636 967 1704 1010 ΕΑ
1744 967 1845 1010 RES
1873 966 2085 1009 AGATUR
2124 966 2193 1008 DE

211 1048 391 1092 ronne
418 1049 772 1103 MANcu’ANDO,
816 1043 878 1091 ut
904 1043 1116 1109 postea,
1153 1036 1197 1092 si
1243 1037 1479 1092 velimus
1530 1051 1756 1092 vacuam
1794 1031 2193 1107 possessionem

210 1116 372 1172 nobis
399 1116 562 1184 tradi,
597 1115 716 1187 ejus
769 1116 1054 1172 tradendae
1103 1133 1284 1174 causa
1315 1133 1386 1173 ea:
1428 1117 1720 1187 stipulatu
1756 1113 1841 1170 vel
1884 1130 1957 1170 ea>
2002 1117 2191 1185 empto

210 1197 362 1252 actio
383 1197 628 1268 supersit
641 1213 659 1260 ,·
685 1212 823 1252 nam
851 1197 905 1251 si
929 1196 1095 1253 obliti
1119 1198 1206 1253 sic
1235 1196 1618 1268 proescribere
1675 1211 1881 1263 sumuS,
1931 1195 2098 1250 totius
2128 1195 2192 1249 il·

211 1275 319 1332 lius
343 1277 484 1349 juris
515 1274 774 1349 obligatio
818 1275 912 1331 illa
945 1276 1154 1333 incerta
1173 1277 1387 1334 actione
1413 1294 1427 1330 :
1468 1287 1738 1338 eumenio
1766 1288 1834 1330 OB
1860 1287 1974 1330 nara
1998 1288 2106 1330 REM
2138 1289 2192 1329 ιΝ

209 1369 533 1412 Nummum.
568 1369 764 1412 Aemate
793 1369 934 1411 DARE
946 1369 1148 1413 menan
1170 1371 1272 1412 opo
1283 1371 1435 1426 arm,
1464 1371 1569 1429 per
1590 1354 1961 1412 intentionem
2000 1369 2193 1410 consu-

119 1451 124 1458 ·
209 1436 392 1505 mitur,
429 1443 486 1492 ut
519 1443 712 1512 postea
755 1437 910 1492 nobis
961 1453 1129 1510 agere
1173 1437 1491 1510 volentibus
1513 1435 1581 1491 de
1627 1451 1800 1492 vacua
1837 1435 2190 1509 possessione

207 1515 472 1573 tradenda
495 1515 644 1572 nulla
667 1516 904 1591 supersit
921 1517 1083 1574 actio.
1167 1523 1350 1575 182.
1372 1516 1825 1590 Proescriptiones
1865 1519 2061 1571 autem
2090 1533 2189 1588 ap-

205 1596 438 1669 pellatas
495 1614 616 1653 esse
659 1598 725 1654 ab
773 1615 836 1655 eo
877 1598 1023 1672 quod
1068 1607 1198 1656 ante
1241 1597 1501 1654 formulas
1550 1596 2007 1672 praescribuntur,
2060 1597 2186 1670 plus

206 1693 371 1748 quam
408 1676 760 1734 manifestum
789 1686 892 1734 est.
975 1684 1160 1735 188.
1194 1681 1301 1736 Sed
1332 1679 1417 1735 his
1455 1678 1677 1753 quidem
1705 1677 2066 1752 temporibuS‚
2100 1679 2182 1735 si-

202 1765 297 1813 cut
338 1773 509 1830 supra
538 1774 754 1832 quoque
784 1757 1112 1827 notavimuS,
1156 1775 1345 1815 omnes
1385 1758 1824 1832 praescriptiones
1873 1759 1943 1815 ab
1992 1769 2179 1817 actore

200 1837 648 1910 proficiscuntur:
703 1839 834 1894 olim
866 1847 1049 1895 autem
1072 1839 1323 1912 quaedam
1353 1851 1405 1894 et
1450 1855 1549 1912 pro
1580 1855 1675 1893 reo
1716 1839 2170 1912 opponebantur:

197 1917 372 1989 qualis
434 1917 530 1974 illa
581 1927 697 1975 erat
752 1920 1093 1994 praescriptis)
1121 1939 1133 1975 ε
1163 1934 1235 1976 ΕΑ
1261 1934 1360 1976 aas
1387 1933 1631 1986 aaaron,
1661 1931 1713 1977 ει
1736 1934 1798 1978 [Ν
1821 1935 1890 1976 ΕΑ
1916 1936 1993 1977 RE
2027 1935 2169 1978 ΡΜ·

195 2011 447 2056 sumerum
482 2013 802 2058 uenenum
819 2012 926 2059 NON
953 1998 1087 2071 mr,
1147 2017 1268 2076 quae
1309 2017 1451 2058 nunc
1479 2001 1537 2057 in
1569 2005 1806 2077 speciem
1837 2003 2171 2079 exceptionis

195 2078 430 2136 deducta
457 2088 555 2151 est,
593 2090 649 2138 et
678 2082 856 2138 locum
879 2082 1064 2153 habet,
1091 2100 1213 2139 cum
1241 2085 1451 2157 petitor
1483 2082 1809 2142 hereditatis
1828 2085 1935 2141 alio
1964 2102 2167 2158 genere

189 2160 388 2237 judicii
419 2160 798 2235 praejudicium
828 2163 1121 2221 hereditati
1162 2165 1350 2233 faciat,
1383 2165 1551 2223 veluti
1608 2184 1731 2222 cum
1790 2165 2034 2238 singulas
2089 2184 2179 2223 res

195 2245 383 2312 petat3
415 2248 498 2297 est
520 2242 665 2299 enim
695 2244 944 2317 iniquum
991 2262 1094 2319 per
1139 2245 1307 2301 unius
1365 2247 1454 2303 rei
1488 2249 1839 2319 petitionem
1896 2250 2180 2306 universio

199 2321 516 2380 hereditati
553 2325 953 2396 praejudicium
1005 2327 1167 2401 fieri¹
1202 2328 1376 2400 (Deest
1397 2327 1475 2377 hic
1500 2329 1681 2393 payina
1708 2330 1955 2401 inteqra.)

257 2486 502 2544 Ceterum,
531 2488 601 2537 ait
649 2490 948 2550 HusehkiuS,
990 2491 1041 2538 in
1077 2493 1262 2553 pagina
1293 2494 1550 2555 sequenti,
1590 2495 1673 2543 ubi
1704 2496 1829 2544 nihil
1859 2495 2060 2545 omnino
2093 2494 2173 2555 leg

193 2557 369 2617 potuit,
433 2559 538 2609 fere
569 2564 796 2610 secutum
841 2575 978 2610 esse:
1013 2562 1234 2612 minimae
1290 2565 1365 2613 rei
1420 2565 1738 2627 petitionem,
1778 2567 1841 2615 de
1882 2580 1978 2628 qua
2040 2567 2169 2626 apud

193 2640 347 2677 unum
373 2628 589 2690 iudicem
633 2633 816 2697 agitur,
849 2634 910 2681 de
945 2637 1049 2682 tota
1077 2634 1366 2691 hereditate,
1405 2636 1641 2699 judicari,
1671 2638 1810 2700 cujus
1843 2638 1904 2686 lis
1941 2638 2004 2686 ad
2050 2651 2170 2691 cens

189 2698 424 2749 tumviros
453 2703 672 2752 defertur
693 2703 776 2767 (ef.
811 2707 864 2754 L.
900 2704 960 2753 102
993 2718 1066 2767 pr.
1105 2706 1159 2753 G.
1203 2707 1265 2755 de
1298 2708 1409 2755 her.
1444 2711 1542 2769 pet.
1577 2706 1625 2763 3,
1676 2706 1775 2772 31).
1808 2709 1864 2757 Et
1908 2711 2024 2760 olim
2054 2715 2171 2775 qui-

185 2770 320 2831 dem,
360 2772 599 2833 quamdiu
632 2788 694 2822 ex
723 2776 816 2824 hoc
861 2790 1013 2825 causa
1057 2778 1495 2839 praescribebatur,
1528 2779 1687 2843 judex
1728 2781 2080 2845 principaliter
2108 2788 2168 2836 de

185 2842 279 2891 hoc
302 2845 652 2905 cognoscebat,
683 2858 747 2892 an
776 2846 1047 2895 hereditati
1094 2848 1453 2912 praejudicium
1478 2850 1644 2911 fieret,
1698 2855 1827 2915 quod
1869 2855 1908 2903 si
1940 2870 2168 2918 pronun-

185 2912 417 2973 ciaverat‚
425 2914 669 2977 judicium
697 2916 760 2964 de
791 2916 1000 2979 singulis
1029 2921 1174 2968 rebus
1209 2921 1377 2982 petitis
1398 2923 1588 2971 nullum
1607 2928 1733 2983 erat,
1764 2924 1999 2988 ideoque,
2024 2927 2166 2979 finita

187 2985 249 3032 de
275 2984 554 3035 hereditate
575 2986 867 3049 quae'stione,
891 2990 1042 3047 actor,
1075 2991 1160 3051 qui
1183 2990 1385 3051 vicerat,
1416 2995 1580 3042 denuo
1628 3010 1711 3044 eas
1741 3002 1913 3057 petere
1943 3002 2160 3060 poterat.

185 3056 324 3104 Nunc
351 3068 470 3104 vero
492 3070 606 3105 cum
639 3058 690 3105 in
739 3058 954 3120 speeiem
986 3062 1293 3123 exceptionis
1333 3065 1442 3114 haec
1467 3080 1572 3127 prae
1606 3066 1804 3129 scriptio
1836 3070 2049 3119 deducta
2078 3072 2161 3133 sit,

185 3125 281 3173 nisi
309 3129 447 3174 actor
477 3129 670 3190 objecta
697 3142 757 3177 ea
778 3130 1030 3179 actionem·
1051 3132 1265 3193 differat,
1302 3149 1407 3185 rem
1437 3138 1619 3198 perdit,
1653 3138 1771 3200 quia
1800 3153 1915 3188 reus
1962 3142 2003 3189 si
2033 3156 2163 3206 prae-

181 3198 426 3259 judicium
455 3197 564 3248 ssei-i
613 3202 906 3263 probaverit,
948 3205 1221 3254 absolvitur
1267 3210 1319 3255 et
1372 3208 1555 3259 iterum
1589 3212 1778 3273 petenti
1818 3214 1972 3263 actori
2016 3223 2163 3266 nocet

181 3270 407 3332 exceptio
435 3271 506 3319 rei
543 3272 796 3334 judieatae.
843 3272 952 3323 134.
1000 3276 1252 3327 Interdum
1288 3292 1402 3330 vero
1450 3282 1602 3331 etiam
1635 3285 1815 3345 nostris
1852 3289 2159 3351 temporibus

181 3342 497 3405 praescriptio
527 3347 626 3392 tam
650 3359 739 3407 pro
767 3349 932 3395 actore
964 3360 1110 3408 quam
1140 3362 1226 3409 pro
1265 3366 1348 3400 reo
1377 3353 1483 3401 dari
1521 3355 1743 3405 videtur:
1777 3361 1907 3420 quod
1950 3361 2150 3415 accidit.

184 3426 300 3460 cum
326 3414 385 3462 de
417 3430 478 3463 eo
507 3416 720 3479 agimuS,
750 3418 882 3479 quod
912 3432 1082 3467 servus
1111 3420 1220 3469 dari
1250 3423 1513 3485 stipulatus
1534 3430 1627 3477 est.
1649 3429 1785 3479 Licet
1814 3432 1951 3481 enim
1978 3446 2039 3481 eo
2066 3446 2154 3479 no-

248 3576 293 3625 1.
327 3576 404 3627 Sic
432 3576 629 3639 perficit
647 3580 878 3630 lacunam
910 3583 1184 3645 Kruegerus
1212 3590 1263 3635 et
1281 3592 1413 3639 recte
1434 3590 1637 3651 quidem
