2548 4051
329 290 421 341 ¹¹6
909 290 1388 340 COMMENTARIUS
1424 289 1726 348 QUARTUS.

326 416 386 464 ut
443 405 510 461 de
572 407 674 462 hac
725 405 940 462 actione
997 415 1050 462 et
1082 407 1148 462 de
1171 403 1395 475 ceteriS‚
1428 421 1551 477 quae
1604 405 1926 462 eorumdem
1974 403 2191 460 nomine
2256 421 2323 460 m

325 494 582 562 parentes
648 487 962 543 dominosve
1030 487 1150 542 dari
1223 485 1432 553 solent,
1509 484 1824 557 diligentius
1896 486 2313 542 admoneamus.

408 567 821 641 ⁸2⁰.11nprimis
852 567 1036 640 itaque
1050 566 1093 622 si
1115 567 1276 638 jussu
1296 568 1469 639 patris
1487 567 1765 625 dominive
1782 566 2066 638 negotium
2093 576 2317 638 gestum

326 646 455 716 erit,
481 647 538 702 in
579 646 812 703 solidum
847 647 1049 703 Praetor
1080 647 1349 702 actionem
1377 650 1432 706 in
1465 658 1683 726 patrem
1710 646 2053 702 dominumve
2082 662 2317 719 compa-

328 727 493 784 ravit:
531 736 583 783 et
611 737 781 798 recte,
813 728 944 800 quia
972 727 1068 800 qui
1098 727 1176 784 ita
1207 728 1491 802 negotium
1548 728 1712 803 gerit,
1762 726 1935 798 magis
1987 726 2162 798 patris
2212 727 2316 782 do·

324 807 526 864 minive
560 824 726 880 quam
777 806 873 863 filii
903 807 1114 864 servive
1141 806 1305 863 fidem
1331 811 1601 883 sequitur.
1688 811 1814 863 21.
1845 806 2051 862 Eadem
2088 805 2315 862 ratione

326 889 657 962 comparavit
686 888 823 945 duas
855 888 989 944 alias
1016 888 1273 956 actioneS,
1304 889 1678 947 exercitoriam
1702 896 1756 943 et
1787 885 2153 942 institoriam:
2174 893 2316 942 tunc

326 978 511 1026 autem
554 967 877 1024 exercitoria
918 968 1100 1027 locum
1151 968 1337 1039 habet,
1370 987 1492 1026 cum
1547 977 1708 1043 pater
1762 966 2079 1048 d‘ominusve
2131 965 2316 1023 filium

323 1066 614 1107 servamve
673 1047 994 1120 magistrum
1022 1050 1150 1105 navi
1192 1050 1577 1124 praeposuerit,
1639 1055 1695 1105 et
1728 1047 1859 1121 quid
1904 1063 2027 1102 cum
2080 1063 2145 1103 eo
2185 1047 2315 1118 ejus

327 1131 410 1185 rei
457 1128 654 1202 gratia,
685 1127 772 1184 cui
797 1127 1122 1201 praepositus
1163 1129 1352 1198 fuerit,
1406 1130 1687 1202 negotium
1714 1135 1932 1202 gestum
2001 1127 2122 1183 erit.
2168 1127 2314 1182 Cum

328 1210 471 1265 enim
510 1225 575 1265 ea
603 1226 826 1283 quoque
851 1226 942 1265 res
970 1225 1039 1265 ex
1064 1210 1342 1267 voluntate
1367 1211 1541 1285 patris
1562 1208 1831 1266 dominive
1861 1207 2110 1264 contrahi
2149 1206 2313 1262 vide-

328 1298 474 1359 atur,
503 1290 877 1362 aequissimum
936 1307 1057 1348 esse
1102 1291 1276 1347 visum
1306 1302 1389 1349 est
1431 1291 1489 1346 in
1518 1289 1757 1346 solidum
1808 1287 2085 1343 actionem
2158 1285 2306 1344 dari.

329 1371 466 1436 Quin
495 1373 676 1440 etiam,
695 1370 822 1427 licet
847 1379 1166 1428 extraneum
1198 1371 1431 1446 quisque
1462 1371 1788 1444 magistrum
1827 1368 1951 1423 navi
1993 1384 2312 1440 praeposue-
2369 1426 2374 1427 ff

328 1452 420 1516 rit,
447 1450 561 1507 sive
581 1467 802 1506 servum
831 1450 944 1507 slve
974 1451 1236 1520 liberum,
1263 1460 1446 1509 tamen
1500 1469 1566 1508 ea
1593 1449 1854 1523 praetoria
1900 1448 2039 1504 actio
2070 1447 2125 1501 in
2177 1464 2311 1502 eum

331 1529 601 1586 redditur.
660 1530 788 1587 Ideo
817 1540 1000 1588 autem
1023 1533 1348 1588 exercitoria
1365 1532 1507 1587 actio
1524 1530 1863 1605 appellatur,
1881 1527 2007 1602 quia
2035 1527 2312 1583 exet-citor

330 1619 556 1666 vocatur
587 1611 632 1666 is
678 1612 752 1666 ad
797 1629 960 1684 quem
990 1612 1313 1668 cottidianus
1376 1612 1527 1668 navis
1571 1617 1814 1684 quaestus
1844 1607 2111 1683 pervenit.
2144 1607 2309 1663 Insti-

330 1691 474 1746 toria
528 1706 658 1745 vero
714 1690 950 1746 formula
976 1699 1092 1748 tum
1120 1691 1300 1748 locum
1360 1693 1543 1762 hahet,
1589 1708 1711 1748 cum
1750 1691 1879 1765 quis
1910 1689 2154 1746 tabernae
2204 1699 2311 1745 aut

328 1769 554 1826 cuilibet
582 1771 939 1842 negotiationi
970 1772 1141 1828 filium
1172 1790 1465 1830 servumve
1498 1781 1593 1829 aut
1620 1772 1922 1846 quemlibet
1963 1776 2306 1838 extraneum,

330 1852 445 1907 sive
504 1869 724 1907 servum
754 1851 867 1908 sive
914 1852 1171 1924 liberum,
1205 1853 1595 1927 praeposuerit,
1632 1861 1688 1909 et
1727 1852 1861 1926 quid
1910 1867 2035 1906 cum
2072 1865 2158 1916 eo,
2183 1851 2310 1921 ejus

329 1931 409 1987 rei
447 1932 642 2004 gratia,
676 1932 762 1990 cui
800 1933 1129 2007 praepositus
1182 1942 1291 2004 est,
1324 1941 1668 1991 contractum
1698 1933 1866 1988 fuerit
1900 1949 1912 1985 ε
1944 1930 2068 1986 ideo
2122 1939 2309 1986 autem

327 2012 600 2069 institoria
633 2021 886 2084 vocatur,
920 2013 1053 2088 quia·
1087 2013 1179 2088 qui
1225 2016 1473 2071 tabernae
1534 2013 1925 2089 praepronitur,
1954 2011 2171 2068 institor
2209 2029 2306 2084 ap-

329 2093 579 2167 pellatur
608 2114 621 2149 :
655 2112 778 2168 quae
813 2104 869 2151 et
900 2096 1019 2169 ipsa
1045 2095 1283 2151 formula
1313 2096 1370 2151 in
1409 2095 1648 2152 solidum
1675 2104 1779 2151 est.
1868 2097 1991 2150 ⁸22.
2026 2092 2307 2148 Praeterea

328 2174 616 2229 tributoria
669 2191 889 2248 quoque
915 2176 1053 2232 actio
1083 2176 1138 2231 in
1197 2184 1409 2250 patrem
1467 2176 1815 2232 dominumve
1856 2173 2143 2229 constituta
2194 2180 2303 2241 est,

331 2270 455 2308 cum
510 2253 652 2309 filius
677 2269 934 2311 servusve
962 2255 1017 2311 in
1050 2256 1319 2328 peculiari
1354 2273 1537 2312 merce
1584 2256 1791 2312 sciente
1822 2261 1977 2327 patre
2010 2252 2305 2308 dominove

328 2332 641 2404 negotietur
695 2353 708 2390 ε
771 2351 897 2390 nam
927 2335 972 2391 si
1002 2336 1132 2409 quid
1163 2336 1280 2409 ejus
1310 2336 1394 2392 rei
1434 2336 1613 2410 gratia
1643 2352 1766 2391 cum
1829 2351 1894 2390 eo
1943 2336 2297 2389 contractum

330 2411 517 2481 fuerit,
565 2413 640 2469 ita
667 2414 874 2471 Praetor
888 2415 980 2486 jus
1020 2415 1168 2485 dicit,
1196 2424 1257 2471 ut
1313 2415 1577 2490 quidquid
1605 2416 1660 2470 in
1686 2416 1775 2471 his
1822 2413 2093 2470 mercibus
2130 2416 2145 2448 ¹
2182 2415 2301 2471 erit

328 2493 588 2565 quodque
619 2495 754 2551 inde
783 2500 1074 2567 receptum
1102 2498 1237 2564 erit,
1273 2497 1336 2551 id
1369 2497 1527 2553 inter
1553 2499 1787 2567 patrem
1818 2495 2211 2558 dominumve,
2248 2496 2305 2550 si
2317 2515 2328 2523 ·

330 2574 472 2645 quid
500 2576 552 2630 ei
583 2574 901 2646 debebitur,
928 2579 983 2633 et
1007 2580 1225 2634 eeteros
1255 2577 1575 2633 creditores
1600 2592 1712 2647 pro
1732 2578 1871 2631 rata
1882 2575 2159 2645 portione
2187 2574 2306 2628 dis—

330 2653 639 2710 tribuatur
677 2657 957 2725 (Kraeqer);
999 2653 1054 2712 et
1096 2658 1238 2728 quia
1283 2658 1398 2727 ipsi
1442 2657 1612 2726 patri
1664 2656 1968 2711 dominove
2016 2654 2310 2709 distribu-

332 2732 550 2787 tionem
602 2736 920 2804 permittit,
959 2737 1012 2792 si
1051 2733 1185 2807 'quis
1227 2751 1299 2792 ea·
1337 2734 1731 2791 creditoribus
1770 2737 2093 2806 quoeratur,
2132 2748 2305 2805 quasi

332 2812 529 2866 minus
572 2814 625 2867 ei
669 2813 960 2869 tributum
999 2815 1080 2870 sit
1115 2830 1291 2885 quam
1340 2816 1696 2884 oportuerit,
1731 2815 1884 2870 hanc
1925 2815 1978 2870 ei
2012 2814 2305 2870 actionem

330 2892 749 2960 accommodat,
781 2908 902 2964 quae
935 2893 1263 2966 tributoria
1295 2894 1667 2963 appellatur.

410 2973 533 3026 ¹28.
564 2973 848 3029 Praeterea
874 2973 1213 3029 introducta
1236 2975 1321 3029 est
1350 2976 1499 3031 aetio
1526 2974 1593 3030 de
1611 2974 1850 3046 peculi0,
1869 2975 2043 3045 deque
2070 2989 2131 3031 eo
2157 2975 2307 3045 quod

333 3051 398 3105 in
436 3066 556 3107 rem
596 3052 784 3124 patris
835 3053 1116 3110 dominive
1163 3068 1389 3109 versum
1436 3055 1571 3123 erit,
1611 3057 1678 3110 ut
1715 3055 1976 3125 quamvis
2020 3056 2159 3111 ‘sine
2212 3070 2303 3111 vo·

334 3130 562 3187 luntate
598 3134 795 3204 patris
834 3134 1121 3190 dominive
1170 3134 1464 3204 neqotium
1509 3136 1728 3203 yestum
1776 3134 1907 3197 erit,
1957 3136 2148 3191 tamen
2188 3136 2305 3191 sive

331 3210 472 3280 quid
511 3212 570 3266 in
611 3229 731 3269 rem
770 3215 887 3285 ejus
938 3228 1166 3269 versum
1192 3213 1391 3284 fuerit,
1432 3214 1509 3270 id·
1527 3218 1706 3270 totum
1742 3216 2018 3284 praestare
2063 3214 2305 3271 debeat:

330 3289 446 3345 sive
479 3290 613 3361 quid
641 3308 758 3348 non
793 3294 872 3350 sit
915 3293 978 3348 in
1029 3308 1151 3350 rem
1198 3292 1317 3362 ejus
1365 3308 1613 3361 versum,
1645 3294 1708 3349 id
1752 3295 1987 3352 eatenus
2027 3297 2305 3364 proestare

391 3415 436 3465 1.
467 3418 586 3475 Quae
611 3423 889 3477 sequuntur
915 3419 1007 3466 hac
1036 3418 1229 3468 Codicis
1259 3423 1398 3481 parte
1427 3419 1552 3467 nihil
1580 3419 1682 3480 legi
1711 3418 1905 3480 potuit;
1952 3418 2039 3465 sed
2086 3433 2199 3479 quae
2236 3421 2303 3469 ibi

331 3486 638 3545 evanuerint,
683 3500 783 3534 non
812 3487 974 3536 solum
1011 3495 1248 3550 quantum
1279 3491 1340 3538 ad
1380 3491 1680 3538 sententiam
1700 3490 1893 3545 attinet.
1932 3502 2108 3537 verum
2154 3492 2302 3539 etiam

330 3558 492 3673 ἶῧνὴίξ
530 3558 634 3606 fere
667 3562 816 3607 tenus
847 3561 1044 3606 servata
1077 3573 1186 3609 esse
1219 3561 1455 3611 videntur
1502 3561 1553 3609 in
1584 3558 1635 3626 ἕξ
1675 3560 1707 3610 3
1756 3569 1807 3609 et
1829 3560 1861 3611 4
1908 3559 2071 3609 instit.
2114 3560 2298 3611 Jusnn.

357 3891 430 4002 ι
