2548 4051
1409 258 1452 305 JS
1488 257 1808 306 SECUNDUS.

1409 373 1672 428 Praeterea
1717 371 1902 444 legata
1946 388 2051 444 per
2088 373 2385 428 formulam

1409 470 1527 508 »mee
1559 453 1777 524 quidem
1807 455 1953 525 apud
1990 453 2270 508 consulem
2302 455 2384 508 vel

1409 550 1505 606 pue
1534 533 1602 587 de
1652 533 2090 588 fideicommissis
2104 534 2196 605 jus
2228 534 2383 603 dicit,

1409 629 1467 668 ro
1517 615 1668 686 apud
1717 612 2010 678 Prae-sidem
2062 614 2381 686 provinciae.

1409 710 1530 766 iper
1550 693 1605 747 in
1626 694 1767 748 urbe
1782 693 1874 766 jus
1894 693 2123 763 dicum-3
2147 695 2213 748 de
2233 694 2383 767 lega-

1414 815 1425 826 .
1452 772 1588 829 Item
1617 773 2159 829 fideicommissorum
2193 792 2383 829 usurae

1409 870 1533 909 »ram
1565 853 1851 909 solutionis
1873 853 2072 909 ¹fecerit
2102 855 2194 925 qui
2226 854 2381 909 fidei-

1423 951 1551 990 vero
1583 950 1768 990 usurae
1814 950 1922 989 non
1951 934 2225 989 debentur
2254 953 2266 988 :
2303 935 2377 989 id-

1409 1014 1639 1069 ificatur:
1664 1013 1775 1069 scio
1806 1020 1986 1069 tamen
2020 1013 2232 1069 Juliano
2259 1014 2377 1086 pla-

1410 1094 1427 1148 i
1473 1094 1634 1150 modo
1667 1093 2012 1166 relinquitur,
2045 1093 2193 1148 idem
2237 1094 2380 1165 juris

1409 1191 1484 1229 am
1512 1174 1841 1229 sententiam
1885 1181 1941 1228 et
1981 1172 2069 1227 his
2114 1175 2379 1246 tempori„

1419 1259 1485 1309 1.
1532 1254 1670 1308 Item
1713 1253 1897 1324 legata
1933 1252 2117 1308 Graece
2172 1254 2377 1326 scri-pta

1409 1333 1594 1388 ¹felem.
1666 1338 1849 1390 ²8².
1889 1333 2023 1388 Item
2054 1332 2098 1387 si
2131 1332 2376 1404 legatum

1409 1431 1445 1468 ιε
1474 1413 1763 1480 infitietur,
1796 1413 1852 1468 in
1883 1412 2110 1486 duplum
2155 1429 2279 1467 cum
2316 1428 2375 1468 eo

1409 1511 1464 1548 lc
1500 1510 1719 1567 semper
1750 1493 1807 1547 in
1832 1493 2083 1565 simplum
2116 1509 2375 1565 persecu·

1409 1590 1464 1628 ie
1497 1590 1561 1628 ex
1587 1571 2012 1629 fideicommisso
2034 1571 2157 1645 plus
2189 1571 2374 1627 debito

1440 1661 1648 1726 potest3
1687 1657 1746 1709 at
1793 1653 1845 1708 id
1895 1652 2040 1725 quod
2098 1667 2161 1706 ex
2208 1668 2374 1707 causa

1417 1750 1441 1787 s
1469 1733 1649 1789 debito
1681 1732 1917 1788 solutum
1940 1732 2027 1799 sit,
2060 1731 2240 1802 repeti
2266 1747 2374 1786 non

1412 1829 1441 1867 e
1473 1830 1536 1867 eo
1576 1813 1759 1885 legato
1791 1812 1935 1883 quod
1976 1828 2082 1867 non
2125 1811 2372 1868 debitum

1409 1909 1618 1948 rrorem
1650 1893 1885 1948 solutum
1913 1891 2096 1947 faerit.

1409 1973 1641 2042 irentiac,
1703 1988 1823 2044 quae
1879 1989 2023 2027 nunc
2061 1988 2167 2025 non
2221 1979 2367 2029 sunt.

1409 2060 1449 2107 lt
1480 2052 1902 2108 fideicommissa
1932 2068 2127 2121 capere
2158 2059 2215 2107 et
2254 2054 2372 2109 fere

1429 2133 1555 2188 :sed
1586 2139 1775 2207 postea
1804 2132 1857 2186 id
1885 2130 2222 2204 prohibitum
2258 2139 2369 2198 est;

1409 2213 1425 2267 i
1460 2211 1999 2268 senatusconsultum
2027 2211 2230 2265 factum
2266 2221 2367 2278 est,

1409 2301 1599 2348 ·entur.
1664 2296 1851 2350 εδδ.
1885 2291 2109 2346 Caelibes
2148 2307 2367 2364 quoque
2435 2347 2440 2352 ,
2499 2294 2500 2348 J

1409 2390 1452 2426 es
1492 2371 1785 2445 legataque
1823 2364 2019 2446 cepere
2065 2371 2367 2443 prohiben-

1409 2469 1467 2507 ur
1497 2468 1694 2526 capere
1724 2470 1902 2527 posse.
1961 2456 2126 2509 28⁶
2146 2460 2189 2507 a.
2227 2451 2366 2507 Item

1432 2532 1486 2587 id
1518 2533 1661 2604 quod
1690 2533 1895 2588 liberos
1923 2549 2030 2587 non
2062 2532 2360 2599 habebant,

1409 2621 1701 2685 torumque
1743 2612 1998 2685 perdunt,
2033 2611 2161 2667 olim
2191 2613 2362 2667 solida

1416 2709 1597 2765 posse.
1633 2691 1739 2746 Sed
1770 2699 1965 2765 postea
2014 2701 2363 2748 senatuscon-

1409 2773 1579 2826 missa
1617 2788 1856 2845 quoque,
1894 2788 1957 2827 ac
1985 2772 2170 2846 legata
2203 2774 2363 2827 here-

1409 2851 1425 2905 i
1460 2859 1614 2919 sunt3
1647 2868 1818 2924 eaque
1845 2853 2107 2908 translata
2136 2851 2359 2907 suntad

1435 2931 1657 3000 habent,
1691 2940 1782 2988 aut
1816 2933 1862 2988 si
1920 2932 2101 2989 nullus
2153 2931 2359 2989 liberos

1409 3030 1419 3067 ς
1458 3021 1539 3068 est
1583 3012 1637 3067 in
1674 3013 1871 3084 legatis
1903 3021 1956 3069 et
1986 3014 2040 3068 in
2084 3014 2356 3069 heredita·

1409 3109 1532 3149 tusa
1552 3093 1771 3149 caduca
1798 3095 1968 3165 fiunt.
2014 3097 2199 3152 ²92.
2221 3096 2360 3150 Item

1409 3190 1488 3227 mo
1534 3173 1711 3228 alieno
1750 3191 1849 3247 per
1890 3174 2357 3230 fideicommissum

1445 3254 1605 3308 heres
1644 3254 1852 3309 institui
1884 3271 2062 3325 neque
2093 3253 2266 3323 legari
2312 3252 2360 3308 ei

1436 3343 1657 3390 auctore
1687 3334 1810 3389 divo
1842 3333 2110 3389 Hadriano
2156 3332 2355 3388 factum

1409 3415 1439 3468 d
1493 3415 1547 3467 in
1588 3414 1785 3486 legatis
1849 3412 2353 3487 hereditatibusque

1409 3511 1524 3550 enae
1549 3493 1767 3548 nomine
1792 3495 1903 3564 Jam
1937 3510 2045 3548 non
2077 3493 2355 3550 dubitatur

1436 3572 1671 3645 relinqui
1714 3590 1893 3645 posse.
