2548 4051
807 244 1292 293 COMMENTARIUS
1330 244 1658 294 SECUNDUS.
1966 302 1971 306 ,
2166 246 2235 297 65

243 364 336 419 vili
369 361 560 417 heredi
605 369 661 416 et
698 360 751 414 in
785 359 1046 414 heredem
1079 363 1470 431 competerent,
1512 360 1567 414 ei
1600 366 1655 413 et
1694 359 1751 413 in
1791 377 1917 417 eum
1959 362 2222 420 darentur

240 444 328 499 cui
361 461 424 499 ex
458 440 880 497 fideicommisso
911 438 1161 494 restituta
1202 447 1344 493 esset
1377 438 1687 507 hereditas;
1742 457 1847 512 per
1878 443 2024 513 quod
2066 461 2219 500 sena-

235 523 635 579 tusconsultum
686 520 971 575 desierunt
1008 518 1117 574 illae
1144 518 1424 575 cautiones
1472 519 1522 572 in
1564 536 1671 574 usu
1719 520 1910 575 haberi
1954 541 1965 576 :
2014 523 2222 581 Praetor

237 604 386 659 enim
417 602 580 658 utiles
605 601 848 659 actiones
881 601 932 655 ei
957 607 1011 654 et
1038 599 1092 654 in
1125 616 1251 655 eum
1284 598 1374 671 qui
1402 600 1614 673 recepit
1645 599 2023 670 hereditatem,
2061 608 2216 676 quasi

234 684 430 739 heredi
465 690 518 739 et
555 683 610 737 in
637 681 898 736 heredem
929 679 1055 735 dare
1090 680 1278 753 coepit,
1298 696 1483 770 eaeque
1526 679 1581 732 in
1608 679 1783 735 edicto
1816 694 2214 753 proponuntur.

310 769 498 821 254.
513 762 640 833 Sed5
658 778 853 832 rursus
871 759 996 833 quia
1026 760 1260 815 heredes
1294 758 1503 832 scripti,
1528 776 1649 814 cum
1680 767 1777 814 aut
1806 769 1975 816 totam
1996 763 2217 821 heredi-

232 852 404 900 tatem
445 852 540 899 aut
577 859 716 915 pene
758 848 926 897 totam
962 841 1294 933 plerumque
1330 839 1625 895 restituere
1668 841 2029 912 iogahantur‚
2064 845 2216 901 adire

231 924 602 979 hereditatem
625 922 694 977 ob
724 920 933 976 nullum
966 928 1061 976 aut
1088 921 1375 975 minimum
1424 919 1635 975 lucrum
1668 922 2017 990 recusabant,
2050 931 2215 998 atque

230 1004 302 1060 ob
333 1004 386 1059 id
428 1002 888 1075 extinguebantur
924 1000 1360 1067 fideicommissa,
1393 1004 1591 1073 postca
1631 1001 1839 1072 Pegaso
1882 1011 1937 1057 et
1982 1003 2212 1060 Pusione

228 1086 574 1141 consulibus
603 1090 824 1137 senatus
854 1080 1085 1148 censuit,
1119 1088 1178 1136 ut
1210 1080 1260 1135 ei
1291 1080 1385 1151 qui
1415 1088 1639 1152 rogatus
1674 1088 1817 1135 esset
1849 1082 2211 1140 hereditatem

225 1166 547 1233 restituere,
603 1161 832 1236 proinde
877 1159 1067 1215 liceret
1114 1167 1362 1232 quartam
1409 1168 1623 1230 partem
1667 1161 1926 1230 retinere,
1969 1171 2130 1236 atque
2180 1183 2212 1222 e

226 1246 354 1317 lege
387 1242 622 1300 Falcidia
643 1242 700 1297 in
726 1240 928 1314 legatis
958 1240 1201 1295 retinere
1231 1238 1580 1306 conceditur;
1612 1257 1686 1293 ex
1724 1241 1956 1313 singulis
1988 1262 2205 1317 quoque

223 1326 398 1380 rebus
445 1340 566 1397 quae
622 1339 720 1396 per
739 1320 1222 1377 fideicommissum
1277 1318 1691 1391 relinquuntur,
1730 1320 1923 1375 eadem
1976 1326 2205 1379 retentio

221 1404 503 1477 permissa
535 1410 646 1468 est;
670 1420 770 1476 per
799 1400 942 1475 quod
979 1399 1515 1456 senatusconsultum
1554 1399 1672 1470 ipse
1713 1400 1873 1456 heres
1904 1418 2075 1459 onera
2107 1404 2207 1460 he-

213 1484 486 1540 reditaria
539 1482 809 1549 sustinet3
862 1480 954 1536 ille
1004 1489 1190 1537 autem
1222 1481 1412 1555 quiex
1456 1479 1881 1537 fideicommisso
1926 1484 2203 1556 reliquam

210 1572 426 1637 partem
479 1562 801 1619 hereditatis
861 1562 1079 1633 reprit,
1114 1560 1373 1632 legatarii
1406 1560 1657 1633 partiarii
1704 1560 1823 1615 loco
1866 1570 1967 1629 est,
2004 1564 2061 1619 id
2114 1574 2201 1622 est

216 1646 341 1715 ejus
371 1643 631 1715 legatarii
663 1641 750 1697 cui
779 1658 904 1714 pars
929 1641 1199 1696 bonorum
1226 1639 1471 1712 legatum
1506 1656 1628 1712 quae
1660 1641 1870 1713 species
1891 1642 2055 1714 legati
2077 1662 2201 1717 par-

216 1725 338 1780 titio
366 1732 614 1789 vocatur,
637 1722 766 1795 quia
791 1737 916 1775 cum
946 1720 1149 1775 herede
1190 1720 1494 1791 legatarius
1530 1720 1770 1793 partitur
1798 1722 2159 1781 hereditatem
2182 1747 2193 1783 :

214 1804 362 1858 unde
385 1803 638 1858 effectum
670 1808 774 1869 est,
808 1807 868 1854 ut
896 1816 1021 1873 quae
1053 1798 1232 1854 solent
1259 1799 1641 1871 stipulationes
1672 1801 1817 1856 inter
1849 1802 2111 1860 heredem
2142 1816 2221 1862 et·

214 1882 543 1956 partiarium
592 1880 920 1955 legatarium
978 1878 1272 1951 interponi,
1328 1878 1537 1933 eaedem
1586 1880 2005 1951 interponantur
2052 1885 2196 1941 inter

217 1980 368 2032 eum,
399 1963 490 2035 qui
523 1980 590 2018 ex
642 1960 1045 2017 fideicommissi
1079 1976 1244 2015 causa
1278 1958 1481 2032 recipit
1518 1958 1899 2029 hereditatem,
1930 1970 1984 2017 et
2028 1962 2193 2020 herc-

212 2045 360 2113 dem,
415 2045 472 2100 id
501 2050 604 2112 est,
649 2051 711 2099 ut
761 2051 813 2100 et
854 2042 1063 2098 lucrum
1112 2048 1168 2096 et
1194 2040 1456 2095 damnum
1490 2040 1892 2097 hereditarium
1938 2060 2034 2115 pro
2074 2054 2193 2101 rata

214 2133 374 2198 parte
403 2124 552 2181 inter
575 2142 668 2181 eos
697 2140 990 2180 commune
1021 2122 1112 2177 sit.

287 2209 477 2263 7255.
523 2204 665 2276 Ergo
701 2203 968 2276 siquidem
1012 2219 1123 2257 non
1155 2201 1279 2275 plus
1324 2217 1487 2273 quam
1517 2201 1837 2258 dodrantem
1867 2203 2188 2261 hereditatis

210 2285 453 2356 scriptus
485 2284 644 2339 heres
668 2289 892 2354 rogatus
917 2283 986 2338 sit
1013 2282 1326 2349 restituere,
1369 2290 1484 2337 tum
1536 2299 1601 2336 ex
1641 2283 1989 2341 Trebel-liano
2032 2303 2186 2341 sena-

212 2362 553 2420 tusconsulto
573 2362 879 2422 restituitur
909 2363 1206 2430 hereditaS,
1240 2371 1291 2418 et
1320 2361 1374 2417 in
1404 2370 1696 2433 utrumque
1726 2363 1970 2420 actiones
2017 2365 2187 2420 here-

210 2445 426 2502 ditariae
455 2460 553 2518 pro
582 2452 706 2500 rata
729 2451 888 2516 parte
917 2444 1144 2508 dantur,
1167 2442 1221 2497 in
1250 2442 1514 2512 heredem
1545 2443 1767 2515 quidem
1783 2444 1909 2515 jure
1935 2446 2098 2513 civili,
2128 2447 2183 2502 in

212 2543 342 2580 eum
376 2542 504 2582 vero
534 2525 628 2598 qui
681 2523 888 2597 recepit
915 2522 1285 2579 hereditatem
1316 2540 1381 2576 ex
1424 2525 1901 2579 senatusconsulto
1959 2525 2183 2581 Trebel-

209 2604 383 2673 liano;
410 2623 740 2680 quamquam
772 2604 933 2658 heres
949 2603 1117 2658 etiam
1148 2619 1246 2675 pro
1282 2619 1346 2659 ea
1375 2610 1533 2675 parte
1559 2619 1719 2674 quam
1750 2603 2180 2673 restituit‚heres

209 2694 512 2756 permanet,
538 2686 700 2758 eique
735 2692 789 2740 et
831 2684 885 2738 in
917 2701 1044 2739 eum
1082 2681 1276 2739 solidae
1307 2681 1555 2738 actiones
1582 2689 1922 2756 competunt;
1956 2686 2051 2740 sed
2073 2703 2177 2742 non

207 2766 442 2821 ulterius
472 2775 754 2833 oneratur,
786 2782 896 2828 nec,
909 2764 1140 2820 ulterius
1176 2762 1256 2818 illi
1298 2763 1502 2818 dantur
1530 2762 1794 2831 actiones,
1825 2781 1985 2837 quam
2028 2769 2178 2840 apud

208 2862 333 2900 eum
366 2845 706 2901 commodum
741 2845 1052 2902 hereditatis
1092 2853 1355 2901 remanet.

282 2930 469 2983 ²58.
501 2928 567 2982 At
595 2926 641 2981 si
677 2924 796 2998 quis
826 2925 950 2998 plus
983 2943 1147 2998 quam
1186 2926 1507 2981 dodrantem
1542 2925 1627 2980 vel
1668 2925 1833 2980 etiam
1863 2933 2030 2980 totam
2070 2927 2173 2982 he-

208 3007 499 3062 reditatem
537 3006 826 3062 restituere
866 3013 1092 3077 rogatus
1135 3004 1225 3072 sit,
1271 3005 1429 3061 locus
1468 3013 1550 3060 est
1600 3005 1895 3076 Pegasiano
1934 3014 2175 3062 senatus-

207 3085 472 3142 consulto.
544 3091 728 3143 ²5¹².
758 3085 868 3140 Sed
893 3085 941 3139 is
970 3083 1064 3159 qui
1094 3084 1260 3141 semel
1292 3085 1494 3140 adierit
1521 3084 1903 3153 hereditatem,
1938 3085 1984 3139 si
2015 3088 2173 3144 modo

205 3184 302 3222 sua
333 3165 613 3220 voluntate
643 3165 858 3229 adierit,
895 3165 1006 3219 sive
1043 3165 1336 3219 retinuerit
1365 3173 1615 3236 quartam
1648 3172 1879 3236 partem,
1913 3165 2025 3222 sive
2068 3184 2171 3223 no-

205 3246 369 3302 luerit
406 3245 670 3311 retinere,
712 3244 828 3318 ipse
878 3244 1137 3299 universa
1174 3260 1344 3298 onera
1382 3243 1714 3299 hereditaria
1760 3245 2031 3313 sustinet;
2074 3250 2171 3303 sed

207 3335 403 3398 quarta
438 3326 656 3399 quidem
700 3331 912 3380 retenta
958 3323 1112 3394 quasi
1159 3323 1332 3395 partis
1377 3332 1430 3378 et
1460 3341 1558 3396 pro
1610 3332 1761 3396 parte
1793 3325 2169 3398 stipulationes

206 3404 474 3478 interponi
524 3405 725 3460 debent
767 3411 1042 3476 tamquam
1083 3403 1226 3458 inter
1274 3404 1595 3476 partiarium
1623 3405 1949 3476 legatarium
1986 3414 2040 3460 et
2071 3407 2170 3461 he-

203 3485 419 3552 redem;
469 3485 514 3541 si
566 3502 696 3540 vero
742 3493 912 3541 totam
952 3483 1317 3539 hereditatem
1356 3484 1673 3552 restituerit,
1733 3485 1800 3541 ad
1857 3485 2166 3556 exemplum

205 3573 398 3636 emptae
428 3573 484 3622 et
509 3565 744 3621 vendita}
788 3564 1110 3620 hereditatis
1140 3564 1521 3638 stipulationes
1560 3565 1970 3638 interponendae
2019 3571 2163 3617 sunt.

1856 3660 1911 3707 4.
