2548 4051
391 226 452 274 38
951 222 1438 276 COMMENTARIUS
1475 224 1809 277 SECUNDUS.

393 343 513 398 bata
544 342 611 397 sit
639 359 825 398 eorum
854 344 1148 412 sententia,
1195 344 1289 416 qui
1328 343 1639 417 putaverint
1668 344 1937 399 furtivum
1966 337 2203 397 fundum
2235 342 2353 397 fleri

391 439 572 495 posse.

465 508 592 560 572.
634 506 844 560 Rursus
875 524 939 560 ex
967 504 1244 561 contrario
1269 504 1485 571 accidit,
1511 512 1577 559 ut
1610 504 1701 576 qui
1738 503 1873 559 sciat
1896 503 2128 559 alienam
2153 522 2271 559 rem
2301 520 2357 559 se

389 584 688 657 possidere,
729 586 1035 659 usucapiat,
1069 584 1235 641 veluti
1268 586 1316 639 si
1349 602 1466 639 rem
1509 584 1920 652 hereditariam,
1959 586 2115 656 cujus
2146 602 2356 657 posses-

387 664 597 719 sionem
635 665 799 721 heres
843 667 1089 722 nondum
1118 675 1310 721 nactus
1356 673 1457 732 est,
1514 664 1713 737 aliquis
1774 664 2105 737 possederit3
2142 680 2264 719 nam
2309 666 2354 719 ei

387 741 704 801 concessum
763 750 846 802 est
911 761 1241 818 usucapere,
1298 746 1342 801 si
1391 744 1551 799 modo
1602 762 1667 799 ea
1723 762 1812 800 res
1857 750 1939 800 est
1992 762 2112 817 quae
2167 744 2359 817 recipit

385 825 806 897 usucapionem3
859 843 980 898 quae
1048 827 1264 898 species
1317 824 1688 897 possessionis
1742 832 1798 881 et
1853 821 2209 898 usucapionis
2261 840 2356 897 pro

381 904 586 960 herede
617 913 858 961 vocatur.
928 910 1054 961 53.
1087 906 1157 961 Et
1187 907 1242 960 in
1277 911 1489 961 tantum
1522 906 1639 961 haec
1668 906 1935 977 usucapio
1962 922 2221 961 concessa
2258 911 2353 971 est,

381 992 507 1040 utet
537 1002 646 1055 reS,
681 1003 804 1058 quae
840 986 957 1041 solo
991 987 1357 1056 continentur,
1388 1004 1532 1042 anno
1561 986 1977 1059 usucapiantur.
2042 986 2355 1049 54.Quarc

379 1072 567 1120 autem
597 1066 704 1121 hoc
725 1082 864 1122 casu
893 1068 1072 1123 etiam
1105 1067 1205 1123 soli
1239 1085 1427 1122 rerum
1458 1084 1635 1123 annua
1660 1066 1956 1122 constituta
1979 1066 2049 1121 sit
2073 1064 2354 1137 usucapio,

375 1143 472 1199 illa
499 1146 637 1201 ratio
669 1155 750 1203 est
805 1147 950 1219 quod
982 1148 1113 1202 olim
1147 1165 1335 1203 rerum
1363 1148 1822 1204 hereditat-iarum
1841 1146 2186 1220 possessione
2213 1147 2359 1201 velut

375 1224 517 1297 ipsae
548 1226 882 1284 hereditates
911 1232 1140 1301 usucapi
1167 1227 1557 1294 credebantur,
1590 1227 1799 1281 scilicet
1850 1242 1990 1281 anno
2027 1245 2038 1280 :
2076 1225 2164 1279 lex
2213 1226 2355 1279 enim

377 1306 467 1360 ΧΠ
518 1308 833 1363 tabularum
863 1308 968 1362 soli
997 1308 1217 1381 quidem
1249 1326 1339 1363 res
1396 1307 1614 1362 biennio
1642 1306 1869 1378 usucapi
1900 1306 2087 1378 jussit,
2142 1313 2355 1361 ceteras

377 1402 508 1442 vero
541 1405 709 1453 ann03
743 1405 874 1458 ergo
907 1387 1189 1443 hereditas
1217 1388 1270 1443 in
1302 1388 1503 1443 ceteris
1547 1388 1712 1442 rebus
1741 1387 2028 1443 videbatur
2061 1403 2203 1453 esse,
2233 1386 2359 1458 quia

379 1466 479 1521 soli
514 1484 620 1520 non
649 1474 751 1533 est,
777 1467 906 1538 quia
935 1485 1116 1539 neque
1144 1468 1443 1541 corporalis
1474 1476 1559 1522 est
1583 1486 1594 1522 :
1620 1470 1675 1522 et
1692 1466 1937 1537 quamvis
1969 1473 2163 1537 postea
2186 1466 2358 1520 credi·

378 1554 494 1600 tum
529 1546 599 1601 sit
633 1547 1140 1619 ipsas¹hercditates
1171 1548 1399 1618 usucapi
1428 1564 1536 1601 non
1576 1563 1758 1618 posse,
1802 1555 1979 1600 tamen
2021 1546 2077 1598 in
2104 1545 2358 1600 omnibus

380 1628 550 1681 rebus
587 1627 966 1692 hereditariiS‚
1013 1627 1176 1682 etiam
1220 1644 1341 1699 quae
1382 1625 1495 1682 solo
1545 1634 1833 1692 tenentur,
1877 1642 2057 1680 annua
2093 1626 2358 1697 usucapio

380 1706 659 1760 remansit.
725 1710 852 1760 55.
884 1707 1063 1770 Quare
1103 1716 1288 1764 autem
1320 1708 1544 1763 omnino
1573 1714 1686 1762 tam
1716 1706 1969 1780 improba
1996 1704 2276 1778 possessio
2310 1714 2360 1759 et

380 1786 644 1858 usucapio
679 1804 943 1843 concessa
987 1787 1086 1857 sit,
1127 1788 1221 1843 illa
1266 1788 1405 1844 ratio
1452 1796 1565 1857 est,
1607 1787 1756 1859 quod
1801 1786 2095 1842 voluerunt
2142 1793 2358 1840 veteres

379 1867 645 1922 maturius
669 1868 998 1924 hereditates
1031 1869 1186 1939 adiri,
1215 1877 1272 1925 ut
1298 1878 1484 1925 essent
1514 1869 1607 1941 qui
1640 1885 1794 1923 sacra
1826 1867 2091 1934 facerent,
2129 1883 2359 1938 quorum

381 1946 491 2004 illis
532 1950 874 2021 temporibus
925 1967 1137 2005 summa
1183 1950 1490 2005 observatio
1540 1948 1663 2017 fuit,
1708 1956 1757 2004 et
1803 1960 1866 2004 ut
1919 1948 2216 2003 creditores
2262 1947 2358 2001 ha-

379 2029 596 2099 berent,
631 2047 661 2085 a
693 2049 799 2100 quo
849 2047 1006 2086 suum
1037 2039 1531 2105 consequerentur.
1594 2034 1725 2086 56.
1758 2029 1886 2085 Haec
1916 2038 2098 2085 autem
2146 2028 2359 2100 species

379 2110 744 2181 possessionis
769 2120 824 2166 et
855 2112 1208 2183 usucapionis
1241 2113 1406 2168 etiam
1437 2109 1699 2166 lucrativa
1729 2118 1955 2166 vocatur
1982 2129 1993 2165 :
2026 2125 2150 2163 nam
2180 2108 2358 2162 sciens

380 2189 609 2262 quisque
639 2207 757 2245 rem
795 2191 1025 2245 alienam
1073 2191 1208 2246 lucri
1248 2193 1393 2247 facit.
1482 2196 1610 2247 52.
1658 2191 1762 2246 Sed
1806 2191 1907 2246 hoc
1945 2197 2213 2262 tempore,
2242 2188 2359 2259 jam

379 2285 486 2323 non
515 2277 597 2323 est
625 2269 926 2325 lucrativa:
966 2288 1095 2325 nam
1133 2290 1197 2326 ex
1238 2273 1569 2328 auctoritate
1604 2270 1868 2326 Hadriani
1910 2268 2357 2325 senatusconsul-

382 2356 496 2402 tum
531 2348 733 2404 factum
771 2357 879 2419 est,
911 2357 970 2405 ut
996 2351 1133 2406 tales
1173 2352 1537 2424 usucapiones
1569 2358 1986 2419 revocarentur3
2016 2356 2069 2405 et
2096 2348 2220 2404 ideo
2262 2358 2358 2420 po·-

383 2436 488 2483 test
521 2428 683 2485 heres
715 2431 782 2485 ab
809 2448 872 2486 eo
893 2431 984 2504 qui
1005 2449 1124 2486 rem
1151 2433 1426 2505 usucepit‚
1458 2431 1825 2487 hereditatem
1852 2429 2091 2503 petendo
2122 2428 2358 2500 proinde

385 2527 651 2578 eamrem
693 2513 974 2584 consequi,
1010 2521 1174 2586 atque
1215 2514 1261 2568 si
1310 2521 1574 2585 usucapta
1614 2530 1724 2567 non
1754 2513 1925 2567 esset.
1990 2513 2119 2562 58.
2154 2508 2357 2562 Neces-

385 2591 527 2644 sario
557 2599 737 2646 tamen
781 2592 986 2646 herede
1030 2602 1240 2649 extante
1285 2593 1415 2648 nihil
1444 2594 1561 2665 ipso
1596 2593 1725 2664 jure
1760 2607 1858 2664 pro
1889 2587 2096 2643 herede
2130 2588 2357 2661 usucapi

385 2677 581 2740 potest.
646 2676 772 2726 59.
809 2671 996 2726 Adhuc
1033 2674 1200 2727 etiam
1246 2689 1311 2727 ex
1364 2673 1486 2726 aliis
1516 2672 1714 2731 ‚causis
1752 2670 1928 2725 sciens
1959 2668 2192 2742 quisque
2240 2685 2357 2722 rem

386 2748 614 2803 alienam
641 2751 927 2822 usucapit:
962 2769 1086 2805 uam
1131 2752 1225 2824 qui
1272 2769 1389 2805 rem
1428 2751 1589 2806 alicui
1638 2750 1850 2806 fiduciae
1879 2767 2045 2805 causa
2084 2748 2358 2820 mancipio

385 2828 599 2883 dederit
625 2829 707 2883 vel
755 2830 809 2883 in
845 2830 970 2900 jure
1003 2832 1247 2898 cesserit,
1290 2831 1334 2885 si
1366 2831 1615 2886 eamdem
1664 2833 1785 2904 ipse
1814 2829 2142 2905 possederit,
2175 2835 2357 2899 potest

381 2924 716 2982 usucapere,
760 2927 899 2965 anno
941 2910 1168 2979 scilicet,
1216 2913 1392 2968 eciam
1431 2911 1531 2967 soli
1576 2912 1621 2967 si
1666 2912 1755 2968 sit.
1790 2912 1920 2974 Quae
1970 2907 2177 2982 species
2220 2923 2355 2963 usu-

341 3017 353 3024 ·
381 2990 623 3062 capionis
658 2990 854 3046 dicitur
890 2993 1259 3062 usureceptiO,
1288 2993 1418 3065 quia
1452 2993 1507 3047 id
1534 2993 1682 3064 quod
1710 2990 1999 3064 aliquando
2034 2988 2346 3056 habuimuS,

379 3072 673 3142 recipimus
707 3090 804 3145 per
833 3072 1243 3144 usucapionem.
1788 3066 1791 3071 ’

451 3156 583 3205 61).
633 3154 738 3208 Sed
779 3154 972 3208 fiducia
993 3154 1333 3209 contrahitur
1359 3162 1451 3210 aut
1482 3159 1603 3209 cum
1634 3154 1904 3210 creditore
1935 3151 2179 3224 pignoris
2202 3149 2350 3219 jure,

381 3237 475 3284 aut
525 3248 644 3284 cum
678 3233 872 3297 amico,
905 3252 1012 3306 quo
1046 3235 1216 3290 tutius
1255 3243 1456 3291 nostrae
1495 3253 1585 3290 res
1637 3236 1782 3308 apud
1823 3249 1948 3287 eum
1986 3235 2136 3298 sz'nt3
2183 3233 2236 3285 et
2283 3230 2351 3283 si-

380 3309 603 3382 quidem
637 3328 761 3365 cum
790 3314 962 3367 amico
991 3323 1266 3370 contracta
1293 3316 1364 3370 sit
1400 3316 1619 3382 fiducia,
1653 3331 1785 3368 sane
1816 3311 1959 3366 omni
1992 3309 2149 3364 inodo
2201 3326 2350 3363 com-

377 3390 519 3462 petit
575 3392 957 3464 usurecepti03
983 3393 1029 3447 si
1056 3411 1183 3449 vero
1215 3412 1339 3448 cum
1363 3396 1654 3460 creditore,
1675 3392 1849 3447 soluta
1876 3390 2094 3464 quidem
2118 3388 2350 3461 pecunia

381 3472 526 3526 omni
562 3472 725 3527 modo
767 3474 1044 3545 competit,
1087 3475 1329 3530 nondum
1366 3493 1494 3532 vero
1526 3473 1705 3530 soluta
1734 3473 1811 3528 ita
1839 3473 2062 3527 demum
2092 3468 2352 3541 competit

381 3552 427 3606 si
452 3570 628 3626 neque
659 3553 977 3609 conduxerit
1005 3571 1123 3610 eam
1150 3574 1268 3612 rem
1293 3573 1324 3611 a
1350 3557 1616 3613 creditore
1637 3554 1871 3624 debitor,
1889 3568 2069 3624 neque
2102 3547 2349 3624 precario
