2548 4051
792 247 1277 298 COMMENTARIUS
1316 248 1620 318 QUARTUS.
2097 249 2187 297 125

205 377 442 419 PECUNJA
486 377 838 432 perer-mum
879 371 934 419 et
969 363 1203 435 denique
1245 361 1302 417 in
1326 363 1527 418 ceteris
1560 355 1741 418 causis
1773 361 2023 419 similiter
2054 381 2182 420 con-

204 443 315 516 cipi
332 441 468 500 solet
483 461 497 511 ;
513 443 635 499 ideo
660 443 873 500 scilicet
890 445 1026 516 quia
1047 445 1226 499 omnis
1242 443 1487 516 exceptio
1512 443 1770 516 objicitur
1790 443 2007 516 quidem
2022 461 2181 512 areo,

203 523 305 578 sed
331 523 408 578 ita
433 523 682 580 formulae
701 523 984 590 inseritur,
1017 532 1078 579 ut
1111 522 1541 579 conditionalem
1572 523 1741 578 faciat
1768 523 2176 580 condemnatio-

203 619 358 672 nem,
413 603 470 659 id
506 611 608 668 est,
629 621 697 660 ne
741 604 899 660 aliter
929 603 1106 676 judex
1148 621 1272 659 eum
1315 621 1439 659 cum
1485 594 1802 676 qug'agitur
1832 601 2181 672 condemnet,

203 700 374 756 quam
399 684 446 739 si
488 683 628 741 nihil
670 685 727 740 in
775 701 841 739 ea
887 699 947 739 re
977 699 1085 758 qua
1123 683 1190 740 de
1234 684 1421 756 agitur
1448 683 1571 739 dolo
1611 684 1813 740 actoris
1840 683 2048 740 factum
2078 684 2179 750 sit3

201 762 344 818 item
361 779 430 819 ne
461 764 622 820 aliter
664 764 836 837 judex
865 780 990 819 eum
1018 764 1363 832 condemnet,
1396 781 1560 836 quarn
1614 763 1662 820 si
1709 763 1919 819 nullum
1965 771 2183 838 pactum

201 851 539 900 conventum
575 845 644 900 de
675 861 782 900 non
810 842 1044 918 petenda
1068 843 1301 916 pecunia
1330 843 1535 900 factum
1561 845 1755 915 fuerit.

283 923 936 999 181).Dicunturautem
950 924 1298 997 exceptiones
1325 931 1419 980 aut
1443 923 1829 998 peremptoriae
1853 933 1945 980 aut
1974 913 2173 992 'dilato-

201 1002 320 1059 riae.
342 1010 383 1060 1
395 1009 441 1061 92
454 1010 494 1060 1
509 1047 522 1060 .
537 1003 922 1079 Peremptoriae
933 1012 1081 1072 sunt,
1097 1021 1221 1078 quae
1234 1013 1501 1078 perpetuo
1516 1005 1825 1073 valent‚nec
1846 1005 2038 1061 evitari
2056 1021 2180 1078 pos-

198 1091 352 1152 sunt,
387 1084 552 1140 veluti
577 1085 724 1158 quod
752 1094 935 1141 metus
964 1091 1146 1155 caiisa,
1180 1093 1272 1140 aut
1313 1084 1438 1141 dolo
1469 1085 1634 1154 malo,
1668 1094 1763 1141 aut
1802 1085 1949 1160 quod
1985 1092 2181 1142 contra

199 1165 386 1235 legem
401 1173 696 1222 senatusve
713 1166 1021 1222 consultum
1051 1165 1256 1222 factum
1281 1173 1479 1234 est,aut
1509 1164 1654 1239 quod
1685 1183 1773 1220 res
1797 1166 2047 1238 judicata
2077 1174 2178 1233 est,

201 1244 296 1299 vel
320 1244 376 1299 in
395 1245 662 1317 judicium
688 1246 920 1302 deducta
945 1253 1046 1315 est,
1061 1245 1194 1301 item
1222 1245 1368 1318 p'acti
1387 1261 1552 1302 conve
1564 1245 1643 1301 nti
1675 1245 1822 1319 quod
1844 1247 2054 1316 factum
2072 1254 2180 1313 est,

201 1341 274 1379 ne
293 1325 510 1381 omnino
528 1326 761 1399 pecunia
778 1333 1080 1400 peteretur.
1131 1330 1311 1384 12².
1347 1325 1622 1382 Dilatoriee
1651 1335 1779 1381 sunt
1807 1325 2177 1397 exceptioneS,

202 1421 330 1478 quae
361 1405 426 1460 ad
463 1414 682 1480 tempus
705 1406 907 1474 valent,
925 1406 1102 1462 veluti
1131 1405 1283 1461 illius
1316 1406 1456 1475 pacti
1489 1406 1761 1474 conventi,
1786 1405 1933 1478 quod
1973 1405 2181 1461 factum

203 1493 291 1540 est
322 1485 474 1540 verbi
518 1487 716 1558 gratia,
754 1503 822 1542 ne
846 1486 988 1542 intra
1017 1485 1446 1559 quinquennium
1477 1493 1788 1559 peteretur;
1820 1484 1975 1540 linito
2024 1487 2181 1541 enim

201 1582 270 1619 eo
302 1569 548 1639 tempore
588 1583 699 1622 non
741 1567 909 1623 habet
941 1567 1120 1623 locum
1151 1573 1421 1639 exceptio.
1456 1565 1555 1622 Cui
1586 1565 1782 1622 similis
1816 1565 2061 1637 exceptio
2095 1575 2180 1620 est

201 1644 316 1700 litis
339 1644 568 1702 dividuae
589 1654 644 1702 et
666 1647 748 1702 rei
791 1647 1048 1702 residuae.
1105 1647 1238 1701 Nam
1263 1646 1309 1702 si
1335 1646 1457 1718 quis
1488 1654 1698 1719 partem
1735 1646 1813 1702 rei
1843 1645 2089 1717 petierit,
2126 1653 2180 1700 et

199 1724 341 1781 intra
371 1726 616 1797 ejusdem
646 1733 942 1799 praeturam
973 1725 1239 1798 reliquam
1267 1723 1480 1798 partem
1516 1735 1690 1798 petat,
1721 1726 1826 1782 hac
1858 1725 2181 1799 exceptione

201 1815 590 1876 summovetur,
623 1824 743 1880 quae
787 1806 1094 1880 appellatur
1134 1805 1247 1861 litis
1290 1805 1541 1861 dividuae.
1584 1806 1719 1861 Item
1746 1807 1791 1860 si
1822 1805 1891 1874 is,
1936 1805 2182 1878 quicum

201 1886 398 1942 eodem
421 1886 608 1959 plures
628 1886 749 1942 lites
765 1887 1030 1951 habebat,
1055 1885 1124 1942 de
1145 1884 1482 1951 quibusdam
1511 1885 1707 1958 egerit,
1743 1884 1811 1940 de
1840 1885 2175 1958 quibusdam

199 1965 497 2038 distulerit,
540 1975 601 2023 ut
637 1967 706 2022 ad
745 1967 880 2023 alios
919 1966 1134 2040 judices
1163 1973 1309 2037 eant,
1336 1966 1382 2021 si
1414 1965 1561 2020 intra
1601 1964 1853 2037 ejusdem
1873 1963 2181 2020 Praeturam

201 2046 268 2101 de
291 2046 396 2114 his,
430 2064 564 2119 quas
595 2047 882 2112 distulerit,
908 2055 1056 2119 agat,
1087 2065 1187 2121 per
1214 2046 1358 2102 hanc
1388 2044 1789 2119 exceptionem,
1822 2060 1943 2116 quae
1992 2042 2179 2116 appel-

123 2170 134 2174 -
200 2125 344 2182 latur
368 2128 450 2181 rei
468 2128 723 2195 residuae,
744 2136 1139 2184 summovetur.
1225 2132 1407 2185 1²3.
1431 2125 1842 2184 Observandum
1886 2131 1969 2179 est
1999 2131 2181 2180 autem

199 2207 274 2276 ei,
293 2206 383 2263 cui
401 2205 655 2264 dilatoria
684 2207 939 2279 objicitur
965 2208 1235 2281 exceptio,
1264 2215 1327 2264 ut
1355 2207 1578 2262 differat
1600 2206 1901 2278 actionem;
1939 2203 2180 2275 alioquin

199 2286 247 2341 si
276 2286 489 2359 objecta
525 2288 842 2359 exceptione
890 2287 1080 2361 egerit,
1125 2304 1242 2343 rem
1282 2286 1467 2360 perdit
1501 2304 1513 2340 t
1561 2302 1667 2341 non
1701 2285 1852 2341 enim
1885 2291 2011 2357 post
2043 2282 2177 2338 illud

199 2374 416 2439 tempus
452 2384 562 2441 quo
591 2368 802 2441 integra
832 2385 892 2424 re
941 2385 1067 2424 eam
1108 2366 1315 2424 evitare
1352 2374 1585 2440 poterat,
1634 2365 1813 2421 adhuc
1853 2364 1904 2419 ei
1934 2372 2178 2437 potestas

201 2446 402 2518 agendi
427 2452 682 2520 superest
707 2466 766 2505 re
794 2448 850 2503 in
873 2448 1140 2521 judicium
1171 2448 1407 2504 deducta
1450 2454 1507 2502 et
1532 2463 1631 2520 per
1662 2446 2047 2519 exceptionem
2080 2461 2175 2516 pe—

202 2534 442 2602 rempta.

276 2612 457 2665 124.
475 2608 590 2665 Non
618 2610 793 2665 solum
823 2617 1006 2665 autem
1035 2627 1100 2665 ex
1126 2617 1393 2682 tempore,
1415 2609 1513 2665 sed
1540 2606 1705 2663 etiam
1736 2623 1799 2662 ex
1819 2620 2059 2678 persona
2086 2603 2173 2659 di-

198 2687 409 2765 latoriae
439 2689 784 2761 exceptiones
808 2689 1215 2763 intelleguntur,
1241 2688 1431 2761 quales
1474 2696 1604 2745 sunt
1628 2685 1948 2759 cognitoriae
1969 2702 1984 2753 3
2006 2683 2171 2740 veluti

197 2769 241 2823 si
273 2768 340 2837 is,
372 2768 469 2842 qui
490 2786 589 2843 per
618 2769 858 2825 edictum
886 2770 1219 2842 cognitorem
1248 2770 1379 2825 dare
1416 2786 1525 2825 non
1547 2776 1748 2843 potest,
1791 2784 1889 2843 per
1922 2764 2170 2838 cognito-

198 2865 312 2903 rem
337 2856 485 2921 agat,
522 2849 608 2914 vel
635 2848 796 2905 dandi
827 2850 1046 2923 quidem
1076 2849 1373 2923 cognitoris
1401 2851 1497 2923 jus
1528 2850 1751 2920 haheat,
1776 2850 1876 2906 sed
1899 2845 2170 2911 eum’det,

197 2928 287 2983 cui
314 2944 422 2985 non
468 2929 597 2985 licet
631 2930 974 3003 cognituram
999 2931 1300 3003 suscipere.
1346 2928 1477 2987 Nam
1520 2930 1565 2985 si
1591 2930 1892 3003 oinciatur
1916 2924 2170 2998 exceptio

199 3008 520 3079 cognitoria,
553 3010 600 3065 si
640 3010 764 3084 ipse
813 3009 937 3067 talis
967 3012 1100 3077 erit,
1128 3017 1190 3065 ut
1219 3010 1270 3066 ei
1300 3027 1407 3065 non
1436 3008 1600 3065 liceat
1632 3009 1993 3082 cognitorem
2014 3005 2171 3070 dare,

197 3090 312 3161 ips'e
341 3106 504 3182 agere
532 3098 738 3165 potest;
769 3090 815 3146 si
862 3107 994 3147 vero
1042 3090 1307 3162 cognitori
1336 3106 1445 3146 non
1472 3089 1636 3145 liceat
1664 3089 2007 3160 cognituram
2039 3094 2168 3143 s'us-

199 3171 405 3244 cipere,
435 3186 534 3245 per
569 3169 731 3227 alium
774 3171 1114 3243 cognitorem
1144 3179 1239 3227 aut
1259 3188 1361 3245 per
1389 3177 1563 3225 semet
1597 3170 1778 3242 ipsum
1810 3168 2045 3223 liberam
2074 3167 2171 3223 ha·

201 3249 292 3307 bet
319 3250 517 3322 agendi
547 3259 895 3323 potestatem,
915 3260 967 3307 et
996 3258 1106 3306 tam
1121 3249 1225 3306 hoc
1256 3256 1422 3323 quam
1447 3250 1542 3305 illo
1573 3248 1732 3306 modo
1763 3248 1967 3305 evitare
1984 3252 2171 3321 potest

205 3332 602 3404 exceptionem;
645 3332 841 3404 quodsi
882 3331 1309 3387 dissimulaverit
1331 3334 1391 3388 'et
1420 3346 1543 3385 cum
1568 3329 1619 3385 ei
1673 3346 1776 3401 per
1806 3332 2169 3401 cognitorem

203 3425 368 3481 aqere
394 3426 514 3466 non
542 3412 760 3481 liceret,
777 3412 964 3469 nihilo
992 3427 1189 3468 manus
1210 3428 1311 3484 per
1326 3410 1663 3484 cognitorem
1688 3411 1883 3483 egerit,
1908 3426 2023 3466 rem
2049 3424 2167 3481 per·

202 3490 297 3546 dit.
383 3491 690 3547 1²5.Sed
717 3491 1082 3565 peremptoria
1102 3492 1322 3564 quidem
1346 3490 1660 3565 exceptione
1684 3491 1728 3547 si
1750 3508 1878 3547 reus
1900 3507 1999 3563 per
2014 3505 2167 3569 erro-

202 3588 319 3629 rem
350 3588 462 3628 non
503 3570 667 3629 fuerit
691 3573 928 3642 usus‚»in
957 3573 1226 3645 integrum
1270 3571 1578 3630 restituitur
1616 3570 1937 3644 adjiciendae
1969 3586 2165 3643 excep-
