2548 4051
262 252 321 299 66

822 251 1295 300 COMMENTARIUS
1337 251 1664 301 sEenNmJS.

774 376 997 423 recuset
1023 368 1257 440 scriptus
1291 368 1450 422 heres
1481 367 1635 422 adire
1679 366 2044 423 hereditatem
2073 367 2143 423 ob
2174 366 2240 422 id

746 496 747 500 ,
785 447 889 502 sibi
919 457 1227 521 suspectam
1272 465 1392 502 esse
1437 447 1596 520 quasi
1639 446 1974 513 damnosam,
2011 454 2243 503 cavetur

746 528 1107 595 ,tusconsulto,
1167 536 1228 582 ut
1272 527 1623 581 desiderante
1683 544 1748 582 eo
1807 527 1894 582 eui
1942 529 2245 583 restituere

746 626 823 664 ;su
859 607 1112 664 Praetoris
1156 608 1320 662 adeat
1363 608 1418 662 et
1459 607 1733 676 restituat,
1783 608 2124 680 proindeque
2187 607 2244 660 ei

746 688 1003 762 feceperit
1037 688 1696 752 hereditatem‚actiones
1733 688 1950 761 dentur,
1993 705 2055 744 ae
2094 687 2246 766 juris

746 769 975 825 :onsulto
1032 766 1380 822 Trebelliano
1434 785 1446 821 ε
1491 783 1599 840 quo
1650 772 1790 823 ‘casu
1849 768 2016 824 nullis
2063 769 2248 842 stipu-

746 888 748 898 >
793 856 892 918 est,
944 849 1072 922 quia
1098 848 1258 903 simul
1292 857 1345 903 et
1384 848 1510 903 huie
1551 848 1645 921 qui
1692 849 1936 904 restituit
1979 850 2249 904 securitas

746 947 803 984 es
834 928 1177 985 hereditariae
1203 927 1251 984 ei
1280 936 1334 983 et
1368 928 1422 983 in
1447 945 1572 983 eum
1605 929 2028 996 transferuntur,
2048 929 2136 1001 qui
2158 945 2251 982 re-

746 1018 888 1066 item.
938 1013 1123 1067 ²59.
1156 1008 1300 1063 Nihil
1331 1017 1516 1064 autem
1552 1009 1799 1078 interest,
1831 1018 2016 1065 utrum
2044 1009 2250 1082 aliquis

752 1091 982 1162 stitutus
1004 1097 1097 1145 aut
1124 1097 1291 1144 totam
1322 1090 1681 1145 hereditatem
1700 1098 1792 1145 aut
1824 1107 1922 1162 pro
1944 1097 2097 1162 parte
2121 1106 2250 1143 res-

754 1189 824 1225 an
857 1189 921 1225 ex
939 1178 1089 1244 parte
1110 1171 1274 1235 heres
1292 1170 1573 1225 institutus
1601 1177 1870 1225 auttotam
1893 1187 2013 1224 eam
2030 1177 2248 1241 partem

748 1269 833 1305 em
854 1250 1143 1305 restituere
1167 1258 1396 1320 rogetur
1417 1267 1569 1304 :nam
1597 1259 1650 1304 et
1673 1249 1773 1304 hoe
1795 1267 1924 1305 casu
1951 1249 2018 1303 de
2051 1256 2250 1321 quarta

746 1331 921 1386 §ratio
954 1348 1018 1384 ex
1047 1330 1348 1400 Pegasiano
1363 1336 1585 1384 senatus
1599 1330 1845 1384 consulto
1859 1330 2050 1385 haberi
2079 1329 2248 1384 solet.

746 1430 750 1462 μ
788 1419 968 1465 autem
1000 1409 1230 1482 quisque
1258 1410 1419 1464 etiam
1450 1426 1540 1463 res
1571 1408 1814 1480 singulas
1843 1427 1942 1482 per
1971 1409 2253 1464 fldeioom·

746 1507 857 1556 ere,
880 1489 1028 1544 velut
1056 1489 1302 1555 fundum,
1336 1488 1635 1554 hominem,
1668 1497 1892 1556 vestem,
1929 1497 2251 1564 argentum,

746 1570 787 1624 el
817 1571 998 1642 ipsum
1040 1569 1298 1623 heredem
1326 1584 1545 1638 rogare,
1579 1573 1638 1622 ut
1661 1567 1823 1622 alieni
1855 1569 2130 1636 restituat,
2163 1566 2255 1622 vel

746 1651 895 1705 nnvis
926 1666 956 1703 a
986 1648 1246 1718 legatario
1277 1647 1449 1719 legari
1477 1661 1584 1703 non
1610 1647 1802 1720 possit.
1880 1652 2067 1705 2⁶1.
2105 1649 2256 1703 Item

750 1746 802 1783 m
832 1727 1053 1801 propria
1080 1727 1358 1782 testatoris
1383 1744 1471 1781 res
1498 1744 1596 1800 per
1637 1727 2116 1784 fideicommissum
2151 1744 2258 1782 re·

751 1827 802 1863 m
838 1807 1063 1864 heredis
1102 1815 1196 1862 aut
1238 1807 1494 1879 legatarii
1530 1816 1626 1862 aut
1651 1808 1949 1879 cujuslibet
1975 1807 2204 1864 alterius
2240 1826 2254 1862 ε

746 1889 887 1952 arius
932 1905 1039 1943 non
1085 1887 1261 1942 solum
1307 1888 1374 1941 de
1427 1905 1489 1943 ea
1520 1905 1580 1942 re
1600 1889 1785 1959 rogari
1810 1896 2010 1964 potest,
2046 1896 2102 1944 ut
2125 1905 2258 1942 eam

782 1985 903 2043 quae
936 1970 985 2023 ei
1010 1968 1193 2040 legata
1226 1967 1321 2035 sit,
1345 1967 1445 2023 sed
1469 1968 1632 2022 etiam
1665 1968 1730 2022 de
1771 1967 1899 2037 alia,
1928 1968 2041 2023 sive
2072 1968 2257 2043 ipsius

746 2046 1011 2109 aliena‘sit
1055 2066 1067 2102 τ
1120 2049 1212 2103 sed
1260 2048 1364 2103 hoe
1405 2047 1578 2102 solum
1620 2049 2019 2105 observandum
2049 2057 2150 2116 est,
2178 2066 2259 2105 ne

777 2139 1003 2203 rogetur
1042 2128 1162 2184 aliis
1220 2128 1540 2198 restituere,
1592 2146 1755 2206 quam
1791 2130 1910 2202 ipse
1966 2147 2030 2185 ex
2090 2136 2260 2185 testa·

746 2256 749 2269 ‚
803 2227 928 2264 nam
967 2209 1111 2280 quod
1160 2208 1395 2281 amplius
1437 2217 1539 2275 est,
1582 2209 1854 2265 inutiliter
1893 2209 2254 2283 relinquitur.

746 2298 869 2343 [tem
906 2288 1081 2343 aliena
1120 2306 1206 2342 res
1236 2305 1334 2361 per
1371 2288 1854 2345 fideicommissum
1892 2290 2257 2362 relinquitur,

747 2368 839 2441 qui
865 2376 1087 2439 rogatus
1121 2377 1221 2436 est,
1242 2376 1336 2423 aut
1364 2369 1543 2441 ipsam
1578 2370 1851 2425 redimere
1883 2379 1939 2426 et
1963 2378 2258 2444 praestare,

746 2466 826 2504 em
861 2449 976 2520 ejus
1006 2449 1239 2515 solvere,
1270 2450 1422 2504 slent
1449 2450 1595 2520 juris
1626 2443 1711 2505 est
1738 2452 1789 2507 si
1821 2468 1917 2524 per
1949 2450 2258 2506 damnatio-

750 2548 774 2586 s
815 2530 996 2601 legata
1039 2530 1107 2584 sit
1157 2548 1168 2584 :
1204 2536 1328 2584 sunt
1358 2536 1542 2584 tamen
1569 2530 1660 2603 qui
1689 2538 1897 2603 putant,
1935 2531 1981 2585 si
2005 2548 2119 2585 rem
2153 2548 2263 2603 per

746 2629 770 2664 n
827 2610 1075 2666 relictam
1120 2610 1370 2678 domiuus
1418 2626 1526 2663 non
1565 2610 1792 2679 vendat,
1823 2611 2068 2684 extingui
2095 2610 2264 2665 fidei-

746 2693 799 2745 ad
848 2690 1009 2745 aliam
1066 2708 1192 2745 esse
1218 2696 1436 2754 causam
1465 2706 1566 2761 per
1615 2690 2014 2747 damnationem
2063 2692 2261 2763 legati.

746 2779 829 2825 tas
861 2786 1075 2842 quoque
1098 2786 1253 2825 servo
1278 2785 1374 2840 per
1404 2768 1888 2827 fideicommissum
1909 2772 2025 2827 dari
2051 2780 2264 2847 potest,

746 2859 914 2921 *getur
938 2849 1338 2916 manumittere,
1360 2848 1445 2902 vel
1469 2848 1789 2920 legatarius.
1835 2857 2018 2910 9⁶4.
2047 2852 2153 2907 Nec
2173 2853 2270 2908 in-

746 2930 812 2984 de
840 2945 941 2985 suo
961 2930 1199 3001 proprio
1227 2946 1385 2985 servo
1415 2937 1648 2985 testator
1677 2940 1852 3003 roget,
1882 2950 1949 2987 an
1980 2933 2046 2988 de
2074 2949 2138 2987 eo
2167 2933 2270 3005 qui

746 3019 825 3065 lut
847 3007 1104 3082 legatarii
1132 3009 1215 3064 vel
1248 3010 1413 3064 etiam
1443 3012 1684 3066 extranei
1709 3012 1798 3067 sit.
1836 3017 2022 3070 9⁶5.
2063 3013 2269 3084 ltaque

746 3109 817 3146 vus
856 3090 1049 3145 redimi
1090 3099 1143 3145 et
1191 3090 1495 3146 manumitti
1528 3090 1691 3146 debet
1724 3111 1735 3145 ε
1771 3092 1965 3164 quodsi
2007 3094 2268 3149 dominus

746 3179 791 3239 t,
812 3189 939 3227 sane
964 3170 1300 3242 extinguitur
1324 3170 1822 3227 fideicommissaria
1849 3173 2094 3240 libertaS,
2132 3174 2270 3247 quia

777 3252 1103 3325 computatio
1130 3251 1276 3306 nulla
1302 3251 1613 3306 intervenit.
1650 3257 1813 3310 mm
1859 3254 1960 3316 Qui
1988 3262 2173 3309 autem
2199 3270 2268 3308 ex

752 3332 1171 3399 manumittitur,
1205 3349 1313 3385 non
1353 3332 1630 3386 testatoris
1662 3332 1718 3386 fit
1760 3330 2010 3401 libertus,
2044 3334 2267 3390 etiamsi

746 3428 800 3464 us
835 3412 1040 3480 faerit,
1081 3413 1180 3465 sed
1229 3410 1347 3485 ejus
1385 3412 1476 3484 qui
1519 3403 1882 3467 manumittit.
1966 3418 2151 3471 ἔθ’.
2195 3415 2268 3469 At

746 3497 1017 3556 tstamento
1064 3490 1204 3544 liber
1252 3507 1378 3544 esse
1418 3491 1672 3561 jubetur,
1734 3492 1884 3548 velut
1913 3494 2015 3548 hoe
2047 3494 2210 3548 modo
2246 3512 2259 3547 :

746 3583 765 3623 s
792 3585 937 3626 Mans
971 3583 1132 3623 menn
1168 3583 1316 3634 Εετο,
1349 3569 1435 3623 vel
1455 3570 1556 3623 hoc
1576 3587 1589 3621 ε
1613 3583 1852 3629 εΤιοΗυΜ
1875 3586 2087 3628 sssnvun
2118 3586 2266 3629 nsum
