2548 4051
976 268 1448 318 COMMENTARIUS
1486 267 1816 317 SECUNDUS.

729 386 1020 455 repellere,
1043 384 1089 444 si
1113 385 1276 439 modo
1306 400 1373 439 ea
1402 399 1557 439 mens
1575 383 1865 438 testatoris
1884 381 2065 453 fuisse
2079 382 2378 453 probetur,

761 466 859 535 qui
898 465 970 520 ab
1000 465 1270 520 intestato
1310 467 1609 531 vocantur,
1643 463 1927 534 perveniat
1964 461 2246 517 hereditas
2278 482 2289 516 :
2332 474 2380 516 et

729 544 1290 618 =cripto‚imperatoris
1321 543 1574 598 Antonini
1617 543 1978 614 significatur.

729 625 948 680 {eredes
975 633 1161 679 autem
1200 633 1297 680 aut
1322 623 1623 678 necessarii
1658 624 1913 677 dicuntur
1953 632 2048 677 aut
2072 622 2158 678 sui
2202 632 2257 678 et
2294 641 2378 678 ne-

729 712 783 759 ut
812 704 1072 759 extranei.
1129 708 1310 758 153.
1344 702 1699 757 Necessarius
1733 702 1891 757 heres
1922 710 2003 756 est
2034 719 2232 758 servus
2265 720 2378 758 cum

729 801 872 840 teres
918 783 1234 851 institutus;
1267 782 1394 837 ideo
1426 782 1505 836 sic
1554 781 1881 853 appellatuS,
1914 782 2065 854 quia,
2108 782 2226 837 sive
2256 782 2379 837 velit

749 863 1063 921 omnimodo
1106 871 1231 935 post
1280 870 1512 917 mortem
1552 862 1828 917 testatoris
1859 862 2105 935 protinus
2145 862 2293 918 liber
2330 870 2377 917 et

806 949 985 1000 154.
1037 942 1185 999 Unde
1225 943 1319 1016 qui
1358 941 1647 999 facultates
1696 958 1825 997 suas
1858 951 2149 1015 suspectas
2198 944 2375 1009 habet,

729 1042 802 1080 im
838 1024 1013 1098 primo
1041 1031 1134 1079 aut
1162 1024 1405 1079 secundo
1436 1021 1520 1077 vel
1555 1023 1717 1077 etiam
1746 1021 2007 1077 ulteriore
2043 1023 2225 1093 gradu
2256 1023 2376 1077 libe-

729 1105 926 1159 ÷redem
969 1104 1282 1171 instituere,
1324 1111 1386 1158 ut
1436 1103 1481 1158 si
1524 1102 1890 1158 creditoribus
1932 1102 2064 1157 satis
2106 1120 2223 1158 non
2273 1104 2376 1170 flat,

729 1188 803 1250 tus
835 1184 1056 1239 heredis
1098 1200 1261 1256 quam
1304 1183 1477 1255 ipsius
1520 1182 1797 1237 testatoris
1842 1182 1988 1237 hona
2032 1191 2297 1250 veneant,
2329 1183 2376 1236 id

729 1264 970 1332 iominia,
1013 1280 1137 1336 quae
1176 1262 1372 1317 accidit
1423 1278 1489 1315 ex
1539 1260 1847 1316 venditione
1888 1262 2189 1330 honorum,
2241 1262 2377 1317 hunc

730 1343 886 1399 edem
915 1360 1078 1417 quam
1118 1343 1300 1416 ipsum
1333 1348 1653 1397 testatorem
1686 1339 1999 1413 contingam
2040 1359 2374 1431 quamquam

729 1424 859 1479 lium
887 1423 1084 1478 Sabino
1109 1422 1347 1495 placeat,
1375 1420 1721 1475 eximendum
1753 1437 1880 1475 eum
1910 1439 2029 1476 esse
2058 1422 2373 1494 ignominia,

730 1519 830 1557 suo
860 1502 1011 1569 vitio,
1045 1502 1142 1556 sed
1183 1501 1511 1557 necessitate
1536 1500 1676 1572 juris
1708 1500 1970 1555 bonorum
1996 1500 2376 1556 venditionem

762 1582 859 1638 sed
890 1582 994 1637 alio
1021 1583 1147 1653 jure
1177 1582 1399 1636 utimur.
1457 1584 1657 1650 3155.
1691 1579 1792 1633 Pro
1824 1579 1924 1634 hoc
1957 1588 2139 1635 tamen
2170 1581 2375 1640 incom-x

729 1663 745 1716 1
793 1662 843 1716 ei
874 1661 1215 1717 commodum
1245 1668 1557 1733 praestatur,
1600 1670 1659 1714 ut
1690 1676 1773 1726 ea,
1821 1675 1942 1732 quae
1970 1667 2095 1732 post
2140 1668 2373 1715 mortem

729 1741 781 1796 bi
825 1741 1165 1813 adquisierit,
1217 1742 1329 1796 sive
1370 1748 1498 1795 ante
1540 1741 1805 1795 bonorum
1844 1740 2218 1795 venditionem
2268 1741 2375 1795 sive

729 1822 769 1876 si
818 1830 1199 1888 reserventur3
1233 1828 1288 1876 et
1316 1820 1561 1893 quamvis
1601 1838 1699 1893 pro
1738 1820 1995 1892 portione
2024 1821 2166 1875 bona
2196 1821 2379 1875 venie-

729 1918 775 1956 m
817 1917 881 1956 ex
919 1900 1254 1957 hereditaria
1295 1916 1464 1955 causa
1501 1900 1645 1954 bona
1677 1900 1796 1971 ejus
1833 1916 1943 1955 non
1986 1900 2226 1969 venient,
2275 1899 2377 1955 nisi

753 1999 816 2039 ex
858 1981 1188 2039 hereditaria
1217 1998 1382 2037 causa
1412 1981 1575 2036 fuerit
1606 1979 1961 2054 adquisitum,
1992 1981 2140 2036 velut
2181 1984 2228 2035 si
2280 1981 2377 2037 La-

729 2063 920 2131 isierit‚
953 2062 1283 2136 locupletior
1318 2063 1497 2117 factus
1536 2062 1637 2129 sit;
1679 2078 1801 2116 cum
1841 2068 2149 2116 ceterorum
2206 2061 2379 2116 homi·

729 2160 828 2198 ·um
871 2143 1012 2198 bona
1041 2142 1311 2198 venierint
1345 2158 1441 2213 pro
1487 2142 1749 2214 portione,
1786 2140 1832 2195 si
1874 2139 2003 2213 quid
2044 2146 2243 2214 postea
2288 2141 2378 2196 ad-

729 2223 846 2278 dam
882 2223 1079 2295 saepius
1122 2239 1313 2277 eorum
1362 2223 1506 2277 bona
1545 2224 1729 2278 venire
1770 2220 1964 2276 solent.

729 2302 817 2358 Sui
876 2311 1059 2357 autem
1114 2310 1165 2358 et
1220 2303 1523 2357 necessarii
1573 2301 1805 2357 heredes
1856 2308 1982 2356 sunt
2033 2300 2183 2356 velut
2236 2302 2374 2357 filius

729 2399 818 2454 pos
846 2383 1093 2454 neptisve
1135 2399 1199 2436 ex
1229 2382 1364 2450 filio,
1390 2385 1445 2438 et
1474 2381 1733 2453 deinceps
1777 2381 1967 2448 ceteri,
1992 2381 2084 2454 qui
2131 2383 2295 2437 modo
2323 2382 2373 2434 in

736 2462 1018 2517 morientis
1074 2463 1302 2518 fuerunt
1338 2482 1350 2518 τ.
1408 2462 1505 2517 sed
1567 2461 1646 2516 uti
1699 2479 1871 2534 nepos
1935 2461 2184 2534 neptisve
2244 2477 2374 2517 suus

729 2559 816 2597 ion
849 2542 1044 2598 sufficit
1065 2561 1189 2599 eum
1214 2543 1269 2599 in
1295 2549 1566 2616 potestate
1586 2541 1671 2596 avi
1692 2543 1887 2597 mortis
1916 2550 2162 2614 tempore
2182 2541 2371 2607 fuisse,

729 2630 783 2678 =st
812 2631 872 2678 ut
902 2631 1061 2695 patei:
1095 2641 1312 2696 quoque
1338 2625 1478 2695 ejuS,
1504 2622 1623 2677 vivo
1652 2629 1807 2694 patre
1842 2639 1961 2688 suo,
1983 2621 2209 2677 desierit
2243 2637 2373 2677 suus

729 2718 769 2769 ε,
823 2709 913 2756 aut
952 2710 1128 2758 morte
1171 2704 1505 2774 interceptus
1554 2709 1645 2755 aut
1693 2701 1942 2774 qualibet
1986 2702 2195 2756 ratione
2236 2702 2373 2755 libe-

733 2789 904 2849 state3
937 2790 1053 2837 tum
1082 2782 1226 2838 enim
1274 2799 1445 2853 nepos
1490 2781 1739 2854 neptisve
1772 2781 1829 2836 in
1866 2781 2047 2836 locum
2088 2781 2173 2837 sui
2204 2781 2372 2853 patris

828 2867 1012 2919 15¹2.
1057 2862 1163 2918 Sed
1205 2861 1289 2917 sui
1334 2862 1554 2934 quidem
1585 2861 1818 2918 heredes
1848 2863 1972 2918 ideo
2004 2862 2369 2936 appellantur,

729 2940 861 2998 =stici
903 2942 1138 2998 heredes
1176 2949 1306 2997 sunt
1336 2949 1391 2997 et
1434 2942 1556 2997 vivo
1588 2960 1805 3015 quoque
1843 2949 2067 3014 parente
2112 2942 2370 3016 quodam-

729 3023 810 3079 ini
851 3023 1258 3089 existimantur3
1308 3022 1454 3078 unde
1494 3022 1656 3078 etiam
1686 3022 1731 3077 si
1760 3022 1881 3094 quis
1905 3021 2200 3078 intestatus
2230 3040 2375 3077 mor-

729 3103 878 3159 ·rima
907 3119 1072 3158 causa
1109 3109 1190 3157 est
1221 3102 1279 3156 in
1312 3102 1660 3156 successione
1713 3101 2041 3156 liberorum:
2074 3100 2371 3157 necessarii

759 3184 1036 3252 dicuntur,
1087 3181 1217 3255 quia
1252 3180 1399 3236 omni
1439 3181 1623 3249 mod0,
1660 3182 1778 3238 sive
1806 3181 1972 3237 velint
2014 3182 2137 3237 sive
2166 3182 2371 3245 nolint,

729 3271 928 3320 [testato
957 3280 1118 3336 quam
1152 3280 1217 3316 ex
1258 3266 1593 3318 testamento
1625 3262 1863 3318 heredes
1896 3261 2053 3316 fiunt.

729 3342 805 3396 ked
833 3343 917 3397 his
961 3344 1165 3398 Praetor
1203 3342 1473 3414 permittit
1509 3342 1783 3397 abstinere
1823 3358 1882 3396 se
1929 3342 1998 3397 ab
2043 3340 2368 3403 hereditate,

729 3422 939 3477 »arentis
970 3423 1112 3479 bona
1131 3429 1380 3477 veneant.
1440 3426 1622 3477 159.
1647 3421 1798 3477 Idem
1821 3421 1963 3494 juris
1986 3428 2142 3477 estet
2166 3423 2230 3477 in
2248 3437 2370 3476 uxo-

734 3517 766 3553 a
794 3517 916 3571 quae
957 3502 1014 3555 in
1061 3519 1226 3557 manu
1259 3509 1367 3571 est,
1398 3502 1530 3575 quia
1571 3501 1698 3557 fitiae
1737 3501 1857 3559 loco
1907 3510 2015 3571 est,
2046 3510 2101 3557 et
2142 3502 2198 3558 in
2237 3517 2371 3556 nuru

729 3597 794 3634 nu
813 3579 909 3635 filii
939 3591 1046 3649 est,
1067 3583 1195 3652 quia
1218 3582 1399 3654 neptis
1432 3583 1547 3637 loco
1576 3591 1677 3638 est.
1742 3587 1925 3639 nm.
1951 3581 2092 3647 Quin
2112 3584 2275 3640 etiam
2297 3581 2371 3636 si-

2487 442 2490 493 1

2489 508 2490 522 ,
