2548 4051
330 292 390 340 42
891 291 1371 343 COMMENTARIUS
1407 292 1733 341 SECUNDUS.

332 408 466 463 toris
511 408 836 463 auctoritate
869 424 1192 464 concessum
1240 415 1341 463 est.
1422 412 1549 464 94.
1592 406 1783 480 Itaque
1814 407 1859 463 si
1891 405 2104 463 debitor
2126 422 2293 479 pecu-

329 488 472 545 niam
504 488 715 569 pupillo
738 489 935 557 solvat,
962 490 1090 545 facit
1109 489 1335 562 quidem
1360 488 1649 560 pecuniam
1671 487 1892 561 pupilli,
1920 488 2016 544 sed
2040 488 2157 560 ipse
2187 491 2294 544 no'n

326 568 613 637 liberatur,
662 570 792 646 quia
835 569 1042 629 nullam
1075 568 1464 642 obligationem
1494 568 1734 641 pupillus
1764 568 1878 623 sine
1933 567 2131 623 tutoris
2163 585 2294 622 auc·
2330 627 2334 633 ,

328 649 547 705 toritate
579 648 879 705 dissolvere
911 658 1114 722 potest,
1147 648 1236 706 cui
1263 662 1361 703 nec
1379 647 1547 703 ullius
1561 648 1642 703 rei
1661 648 1917 703 alienatio
1950 648 2072 703 sine
2097 648 2293 703 tutoris

327 729 657 796 auctoritate
674 747 935 790 concessa
963 738 1072 799 est;
1099 728 1197 785 sed
1225 736 1434 796 tamen,
1451 728 1497 783 si
1528 745 1593 783 ex
1615 745 1679 784 ea
1700 728 1932 801 pecunia
1960 728 2294 801 locupletior

326 808 502 878 factus
552 811 646 884 sit,
675 819 729 865 et
776 810 956 870 adhuc
1053 816 1183 877 etat,
1217 824 1321 894 per
1378 808 1757 881 exceptionem
1806 808 1915 864 doli
1968 807 2097 863 mali
2147 825 2291 864 sum-

329 892 532 958 moveri
603 897 762 946 otest.
843 893 972 951 95.
1057 889 1221 944 ulieri
1241 905 1371 943 vero
1399 886 1563 944 etiain
1594 888 1712 942 sine
1736 888 1930 945 tutoris
1961 888 2290 944 auctoritate

323 964 472 1023 r‘erte
503 908 637 1023 sofvi
678 976 888 1048 potest:
922 985 1047 1023 nam
1089 967 1182 1052 qui
1226 966 1409 1034 solvit,
1453 966 1721 1023 liberatur
1768 967 2124 1040 obligatione,
2161 968 2293 1041 quia

322 1065 412 1107 res
440 1065 541 1102 nec
568 1049 824 1125 mancipi,
856 1057 918 1104 ut
948 1049 1193 1131 proxime
1228 1048 1459 1104 diximus
1513 1092 1527 1115 ‚
1578 1064 1610 1103 a
1656 1066 1716 1104 se
1760 1048 2041 1105 dimittere
2088 1048 2291 1103 mulier

323 1128 486 1184 etiam
516 1129 632 1195 sine
667 1129 862 1201 tutoris
894 1128 1223 1190 auctoritate
1255 1131 1471 1210 potest:
1507 1146 1841 1202 quamquam
1869 1129 1972 1185 hoc
2002 1129 2076 1184 ita
2103 1137 2205 1198 est,
2242 1129 2289 1183 si

321 1207 548 1288 accipiat
577 1210 893 1287 pecuniam3
925 1214 983 1265 at
1007 1209 1053 1265 si
1081 1226 1192 1265 non
1217 1210 1467 1281 accipiat,
1489 1210 1589 1264 sed
1611 1209 1817 1265 habere
1838 1225 1896 1263 se
1927 1208 2069 1263 dicat
2101 1216 2155 1262 et
2185 1225 2291 1280 per

320 1287 790 1363 acceptilationem
822 1282 948 1352 velit
973 1290 1302 1362 debitorem,
1334 1285 1452 1342 sine
1503 1289 1703 1345 tutoris
1754 1288 2101 1355 auctoritate,
2149 1285 2291 1343 libe-

320 1385 462 1441 rare,
495 1386 605 1429 non
637 1377 833 1442 potest.

392 1454 519 1516 86.
550 1449 868 1521 Adquiritur
908 1456 1094 1504 autem
1127 1449 1284 1514 nobis
1313 1466 1419 1504 non
1448 1450 1623 1505 solum
1654 1466 1753 1522 per
1777 1449 2161 1521 nosmetipsos»,
2190 1449 2289 1505 sed

320 1529 481 1594 etiam
514 1546 618 1603 pcr
667 1546 761 1597 eos
806 1546 941 1612 quos
973 1528 1028 1584 in
1072 1538 1346 1610 potestate
1385 1547 1548 1585 manu
1584 1528 1924 1602 mancipiov'e
1984 1529 2282 1599 habemus3

317 1607 449 1674 item
489 1626 591 1684 per
612 1626 704 1664 eos
725 1626 912 1667 servos
955 1608 1227 1692 inquibus
1248 1611 1671 1682 usumfructum
1700 1609 1994 1679 habemus:
2031 1608 2161 1663 item
2186 1627 2290 1683 per

318 1687 568 1754 homines
603 1687 806 1756 liberos
839 1696 892 1755 et
927 1705 1118 1744 servos
1157 1689 1367 1745 alienos
1400 1705 1537 1762 quos
1578 1689 1723 1744 bona
1756 1688 1862 1743 fide
1911 1688 2281 1761 possidemus,

316 1768 391 1822 De
436 1769 638 1859 quibus
682 1767 916 1846 singulis
958 1768 1252 1847 diligenter
1300 1769 1675 1841 dispiciamus.
1759 1768 2104 1841 Stlgitur,
2134 1771 2286 1840 quod

318 1848 478 1910 liberi
504 1848 676 1915 nostri
701 1866 835 1945 quos
874 1848 928 1918 in
955 1858 1222 1921 potestate
1253 1847 1549 1917 habemus,
1577 1851 1707 1905 item
1738 1850 1883 1924 quod
1916 1850 2062 1905 servi
2096 1849 2280 1905 nostri

315 1929 587 2003 mancipio
620 1930 1007 2012 accipiunt,vel
1040 1948 1103 1985 ex
1133 1930 1427 1985 traditione
1449 1930 1855 1998 nanciscuntur,
1892 1930 2005 1985 sive
2038 1930 2165 2002 quid
2190 1930 2284 1984 sti·

315 2010 596 2084 pulentur,
631 2011 712 2066 vel
761 2029 825 2066 ex
871 2010 1190 2091 aliqualibet
1219 2029 1384 2067 causa
1414 2009 1732 2090 adquirunt,
1763 2009 1818 2064 id
1845 2010 2004 2064 nobis
2040 2009 2281 2082 adquiri-

313 2097 429 2144 tur:
475 2091 588 2162 ipse
610 2092 755 2146 enim
786 2092 880 2164 qui
913 2091 970 2144 in
1001 2098 1305 2163 postestate
1334 2098 1521 2145 nostra
1550 2097 1656 2158 est,
1689 2089 1827 2144 nihil
1859 2107 2020 2144 suum
2066 2088 2276 2144 habere

314 2177 530 2242 poietin
557 2179 610 2232 et
642 2171 764 2237 ideo
795 2171 838 2237 sj
872 2170 1031 2237 lieres
1071 2171 1357 2227 institutus
1389 2171 1477 2238 sit,
1507 2169 1611 2224 nisi
1640 2176 1831 2225 nostro
1854 2170 2039 2240 jussu,
2057 2168 2283 2223 heredi-

314 2256 485 2309 tatem
509 2249 659 2315 adire
685 2267 790 2305 non
818 2259 1024 2323 potest·
1050 2260 1106 2305 et
1138 2251 1187 2306 si
1211 2245 1538 2323 jubentibus
1569 2251 1727 2306 nohis
1756 2249 1975 2321 adierit,
2001 2248 2281 2305 hereditas

316 2329 472 2393 nobis
501 2329 802 2408 adquiritur
831 2293 1060 2411 proinde
1091 2335 1260 2408 atque
1294 2331 1340 2386 si
1378 2348 1477 2395 nos
1515 2331 1617 2404 ipsi
1661 2330 1897 2387 heredes
1926 2329 2162 2386 instituti
2192 2347 2279 2385 es-

314 2426 528 2476 semus;
560 2417 613 2466 et
649 2410 1040 2471 convenienter
1070 2410 1278 2466 scilicet
1325 2411 1568 2483 legatum
1599 2428 1698 2483 per
1739 2429 1832 2467 eos
1877 2412 2036 2468 nobis
2085 2410 2281 2483 adqui-

312 2490 470 2555 ritur.
561 2495 689 2555 88,
717 2490 854 2560 Dum
883 2498 1068 2557 tamen
1097 2492 1362 2560 sciamus,
1386 2492 1431 2547 si
1455 2491 1682 2547 alterius
1706 2491 1759 2546 in
1787 2492 1945 2547 bonis
1967 2493 2036 2548 sit
2065 2507 2274 2557 servm,

312 2570 538 2635 alterius
568 2589 632 2627 ex
654 2572 781 2646 jure
823 2572 1140 2641 Quiritium,
1185 2591 1248 2634 ex
1279 2573 1529 2628 omnibus
1580 2573 1759 2635 causis
1798 2572 1848 2626 ei
1886 2572 1986 2627 soli
2019 2586 2120 2642 per
2151 2586 2278 2624 eum

313 2651 554 2723 adquiri,
577 2652 732 2724 cujus
762 2653 818 2706 in
851 2653 1010 2708 bonis
1039 2662 1140 2709 est.

385 2735 512 2793 Sa,
544 2731 659 2790 Non
692 2731 866 2786 solum
907 2740 1094 2789 autem
1133 2750 1232 2809 pro
1276 2733 1444 2788 rictas
1473 2748 1569 2808 per
1599 2747 1694 2784 eos
1726 2745 1862 2810 quos
1900 2729 1960 2797 ,in
2004 2736 2273 2803 potestate

311 2809 575 2877 habemus
605 2811 914 2884 adquiritur
944 2812 1127 2881 nobIS,
1153 2830 1212 2866 se
1288 2812 1451 2866 ctiam
1481 2809 1789 2888 possessi03
1833 2809 1989 2882 cujus
2020 2810 2163 2866 enim
2194 2810 2273 2865 rei

310 2891 706 2969 possessionem
750 2891 929 2964 adepti
971 2893 1198 2958 fuerint,
1245 2893 1300 2954 id
1337 2909 1433 2952 nos
1486 2891 1761 2965 possidere
1806 2891 2080 2958 videmur;
2128 2891 2271 2946 unde

312 2973 474 3036 ctiam
517 2989 615 3048 per
644 2989 737 3032 eos
780 2973 1049 3048 usucapio
1078 2973 1346 3051 procedit.
1428 2977 1561 3032 m».
1591 2972 1696 3028 Per
1725 2989 1816 3027 eas
1853 2989 1981 3026 vero
2005 2988 2272 3044 personas

309 3070 447 3126 quas
479 3049 535 3109 in
567 3071 732 3118 manu
759 3052 1092 3127 mancipiove
1119 3054 1407 3123 habemus,
1442 3052 1748 3128 proprietas
1778 3050 1999 3127 quidem
2030 3050 2272 3124 adquiri-

309 3140 400 3195 tur
421 3134 577 3193 nobis
599 3152 663 3200 ex
691 3133 946 3202 omnihus
975 3133 1179 3211 causis,
1216 3134 1360 3189 sicut
1391 3151 1490 3206 per
1521 3151 1615 3188 cos
1644 3132 1735 3206 qui
1766 3132 1821 3186 in
1850 3139 2125 3204 potestate
2148 3149 2269 3186 nos-

307 3219 390 3275 tra
439 3219 588 3275 sunt3
639 3231 707 3272 an
753 3223 937 3274 autem
978 3214 1256 3289 possessio
1300 3214 1642 3294 adquiratur,
1708 3209 1880 3293 quaeri
1934 3213 2090 3280 solet,
2144 3211 2269 3283 quia

310 3291 454 3365 ipsas
491 3307 598 3347 non
629 3292 995 3364 possidemus,
1076 3297 1206 3348 91.
1231 3293 1307 3347 De
1329 3293 1415 3350 his
1446 3302 1629 3348 autem
1658 3293 1829 3346 servis
1859 3289 1913 3344 in
1933 3290 2132 3362 quibus
2155 3297 2271 3345 tan-

309 3379 423 3435 turn
456 3370 851 3435 usumfructum
878 3372 1165 3449 habemus²
1197 3373 1274 3428 ita
1304 3373 1530 3453 placuit,
1568 3379 1625 3426 ut
1653 3370 1924 3444 quidquid
1958 3386 2023 3422 ex
2056 3385 2114 3422 re
2145 3386 2270 3424 nos-

309 3459 392 3511 tra
421 3451 506 3512 vcl
537 3469 600 3510 ex
631 3451 816 3528 operis
843 3452 956 3511 suis
973 3452 1283 3529 adquirant,
1309 3453 1365 3506 id
1392 3451 1550 3508 nobis
1576 3450 1927 3522 adquiratur3
1962 3449 2106 3522 quod
2139 3466 2268 3506 vero

310 3539 460 3593 extra
489 3549 580 3597 eas
610 3548 825 3603 causas,
858 3531 913 3584 id
941 3531 1012 3596 ad
1042 3531 1325 3600 dominum
1357 3530 1705 3611 proprietatis
1739 3525 2040 3606 pertineat:
2076 3529 2265 3604 itaque

307 3610 352 3663 si
381 3612 483 3666 iste
514 3629 705 3667 servus
730 3612 890 3666 heres
914 3611 1191 3666 institutus
1213 3613 1286 3667 sit
1305 3612 1614 3682 legatumve
1639 3612 1784 3683 quod
1801 3611 1852 3667 ei
1876 3611 2060 3666 datum
2079 3612 2262 3679 fuerit,

325 3942 406 4010 ha,
