2548 4051
754 284 1233 344 COMMENTARIUS
1264 295 1416 344 TERT

157 409 248 476 sit,
272 414 450 463 tamen
495 406 676 481 prima
704 408 1007 463 novationis
1049 409 1177 480 jure
1223 410 1416 466 tollatu

155 489 342 555 ‹lebeS‚
375 505 408 542 a
455 487 599 543 Titio
639 495 764 560 post
805 497 1037 544 mortem
1068 489 1206 561 ejuS‚
1241 491 1331 546 vel
1362 509 1392 546 a

154 568 345 624 tutoris
375 567 696 624 auctoritate
730 567 1024 640 stipulatus
1056 569 1239 638 suero;
1273 588 1379 644 quo

154 657 204 705 et
247 649 399 722 prior
430 648 642 704 debitor
685 647 957 704 liberatur
997 657 1051 703 et
1096 651 1416 722 posteriorc

148 731 291 784 idem
331 728 474 801 juris
518 737 602 784 est
660 727 706 784 si
751 748 783 784 a
831 745 988 784 servo
1042 731 1338 802 stipulatus
1381 732 1416 785 fl

149 809 375 883 proinde
422 810 601 865 adhuc
631 809 908 880 obligatus
938 818 1178 880 tenetur,
1212 829 1273 867 ac
1303 812 1349 866 si
1382 831 1414 885 p

146 891 391 946 fuissem.
429 896 470 945 1
490 894 612 946 Ν.
648 888 751 945 Sed
782 889 827 945 si
856 891 1048 945 eadem
1073 909 1310 964 persona
1341 893 1408 948 sit

148 971 223 1025 ita
254 970 475 1026 demum
503 969 717 1025 novatio
746 970 826 1038 fit,
850 969 897 1023 si
927 971 1061 1042 quid
1088 971 1145 1024 in
1170 972 1416 1044 posterio,

146 1051 285 1104 forte
318 1050 364 1105 si
388 1049 625 1105 conditio
656 1053 762 1105 aut
787 1050 908 1104 dies
932 1055 1033 1105 aut
1058 1067 1303 1122 sponsor
1333 1052 1416 1124 adj

220 1135 259 1183 1
281 1134 406 1186 ⁸28.
435 1130 540 1186 Sed
556 1130 705 1201 quod
721 1129 788 1184 de
814 1145 1080 1201 sponsore
1112 1130 1369 1199 diximus,
1403 1151 1416 1185 ι

147 1227 221 1265 sae
238 1211 443 1266 scholae
477 1209 797 1266 auctoribus
826 1209 1195 1282 placuit,nihil
1218 1211 1287 1265 ad
1308 1228 1416 1267 nov:

146 1290 288 1345 soris
323 1290 681 1362 adjectionem
704 1295 798 1344 aut
815 1288 1233 1346 detractionem.
1276 1297 1315 1345 1
1337 1296 1416 1347 w

150 1370 194 1425 si
224 1369 469 1425 conditio
502 1369 813 1442 adjiciatur,
856 1369 1196 1424 novationem
1237 1370 1378 1440 fieri,
1411 1393 1416 1426 ι

148 1449 224 1505 ita
259 1450 510 1505 dicamus
527 1450 730 1505 factam
764 1448 1132 1517 novationem,
1164 1451 1210 1505 si
1244 1451 1416 1506 conclil

149 1529 443 1597 defecerit,
496 1530 655 1584 durat
695 1528 845 1602 prior
887 1529 1298 1602 obligatio.Sed
1331 1531 1416 1586 vid

150 1609 372 1665 nomine
405 1618 553 1682 agat,
581 1608 693 1664 doli
720 1608 847 1665 mali
874 1617 968 1664 aut
999 1611 1416 1682 pacticonventi

147 1690 379 1757 moveri,
403 1690 531 1763 quia
560 1689 772 1744 videtur
799 1689 941 1744 inter
968 1707 1059 1744 eos
1094 1691 1151 1744 id
1181 1699 1380 1760 actum,
1409 1711 1416 1743 1

139 1771 200 1827 .si
238 1769 570 1844 posterioris
623 1769 992 1842 stipulationis
1042 1771 1294 1829 eoetiterit
1346 1788 1409 1828 co

146 1849 433 1924 Sulpicius
460 1849 812 1916 existimavit,
846 1848 1023 1904 statim
1051 1860 1103 1904 et
1133 1851 1406 1922 pendente

143 1930 281 2000 fieri,
319 1939 373 1987 et
404 1931 452 1986 si
497 1929 758 1985 defecerit
789 1929 1051 1997 conditi0‚
1099 1947 1163 1984 ex
1192 1940 1389 1987 neutra

146 2013 309 2068 modo
339 2029 457 2067 rem
480 2010 687 2084 perire;
719 2010 816 2083 qui
863 2019 1262 2083 consequenter
1295 2019 1351 2069 et
1400 2012 1415 2066 i

140 2092 191 2147 id
217 2093 368 2167 quod
393 2092 496 2148 sibi
521 2093 579 2147 L.
615 2092 791 2148 Titius
824 2091 1069 2160 deberet,
1092 2109 1123 2146 a
1152 2110 1313 2148 servo
1346 2095 1416 2148 fu«

139 2190 259 2229 nem
298 2173 416 2228 fieri
445 2179 497 2229 et
530 2189 645 2228 rem
678 2172 881 2246 perire,
916 2172 1043 2245 quia
1074 2190 1197 2228 cum
1228 2190 1388 2229 servo

140 2263 386 2326 utroque
426 2270 556 2309 casu
606 2253 711 2309 alio
735 2254 860 2325 jure
910 2254 1151 2310 utimur:
1190 2271 1290 2309 nec
1333 2272 1416 2310 ma

137 2335 213 2402 fit,
245 2351 417 2407 quam
465 2333 512 2389 si
561 2333 617 2388 id
656 2332 804 2405 quod
849 2341 910 2406 tu
950 2334 1086 2388 mihi
1129 2334 1354 2404 debeaS,
1398 2352 1416 2389 a

145 2430 382 2487 sponsus
419 2414 728 2478 communio
752 2431 861 2469 non
892 2421 993 2482 est,
1027 2428 1260 2470 SPONDES
1293 2416 1416 2471 verb

218 2500 406 2552 181).
441 2494 671 2551 Tollitur
700 2495 880 2549 adhuc
909 2493 1167 2566 obligatio
1198 2495 1309 2550 litis
1337 2514 1416 2551 coi

140 2576 334 2649 gilimo
353 2576 559 2649 judicio
575 2575 956 2631 fueritactum:
983 2593 1109 2630 nam
1133 2584 1261 2631 tunc
1279 2576 1416 2649 oblig

141 2657 486 2726 dissolvitur,
515 2656 710 2730 incipit
747 2665 928 2712 autem
956 2656 1132 2711 teneri
1170 2673 1302 2711 reus
1333 2656 1416 2711 liti¹

140 2737 536 2793 condemnatus
560 2737 649 2806 sit,
664 2736 889 2801 =sublata
915 2735 1025 2792 litis
1056 2738 1416 2792 contestation

141 2818 310 2874 dicati
338 2819 537 2875 teneri.
572 2818 641 2873 Et
669 2818 770 2873 hoc
814 2820 915 2886 est,
949 2818 1093 2890 quod
1126 2818 1270 2891 apud
1294 2827 1416 2873 vete

139 2898 292 2953 litem
317 2906 676 2955 contestatam
704 2897 835 2953 dare
874 2897 1182 2953 debitorem
1211 2907 1416 2972 oporte]

138 2985 252 3034 tam
282 2978 637 3035 condemnari
653 2985 925 3052 oportere,
948 2986 1071 3049 post
1089 2979 1416 3035 condemnat

140 3067 417 3132 oportere.
458 3065 640 3115 151.
665 3059 817 3115 Unde
834 3059 911 3125 fit,
940 3066 1001 3113 ut
1022 3058 1070 3113 si
1098 3058 1345 3129 legitimo
1369 3060 1416 3131 jl

35 3152 38 3157 ·
138 3149 336 3212 postea
361 3140 427 3196 de
452 3157 515 3195 eo
542 3140 661 3212 ipso
685 3139 809 3208 jure
841 3154 1007 3209 agere
1033 3155 1141 3193 non
1172 3140 1402 3211 possim,

136 3234 270 3275 ΒΑΜ
289 3234 404 3276 Mun
429 3232 732 3286 cromnam,
765 3217 895 3290 quia
924 3217 1033 3272 litis
1064 3219 1416 3274 contestation

35 3310 38 3346 1
139 3301 301 3356 aliter
322 3308 485 3374 atque
503 3301 546 3356 si
566 3297 795 3372 imperio
818 3298 1119 3353 continenti
1128 3298 1338 3370 judicio
1356 3316 1416 3370 eg

138 3382 325 3436 minus
343 3381 602 3454 obligatio
620 3382 795 3449 durat,
831 3378 1020 3434 etideo
1055 3379 1172 3451 ipso
1198 3378 1327 3450 jure
1348 3396 1416 3451 po

37 3473 40 3511 1
77 3483 94 3493 ·
137 3461 321 3516 debeo
360 3476 459 3533 per
502 3462 875 3531 exceptionem
910 3459 992 3514 rei
1023 3458 1280 3531 judicata}
1328 3459 1416 3514 vel

137 3540 501 3597 summoveri.
535 3542 665 3605 Quae
711 3547 889 3595 autem
917 3540 1168 3611 legitima
1200 3539 1412 3611 judicia

36 3631 40 3664 ἑ
138 3622 380 3679 tinentia
420 3622 561 3690 sint,
594 3621 844 3693 sequenti
868 3620 1262 3676 commentario
1289 3620 1416 3676 refe1
