2548 4051
331 218 390 265 70
897 207 1399 270 ‘COMMENTARms
1433 217 1707 269 TERTIUS.

330 333 647 390 ulteriorem
698 335 964 404 excludit;
999 353 1237 408 aequum,
1261 335 1404 391 enim
1429 335 1736 403 videbatur,
1775 341 2003 408 nepotes
2035 341 2301 408 neptesve

330 414 382 466 in
415 413 590 485 patris
620 415 704 468 sui
734 415 911 470 locum
946 418 1360 488 portionemque
1392 414 1707 470 succedere.
1738 413 1864 469 Pari
1905 413 2138 481 ratione,
2172 422 2225 468 et
2259 415 2305 472 si

334 510 500 568 nepos
533 495 782 567 neptisve
817 497 886 551 sit
925 514 988 550 ex
1033 496 1162 563 filio,
1199 503 1252 550 et
1281 514 1345 549 ex
1372 502 1574 570 nepote
1608 511 1887 568 pronepos
1916 495 2301 572 proneptisve,

337 573 494 628 simul
525 592 714 630 omnes
761 583 1022 632 vocantur
1063 577 1130 630 ad
1175 575 1557 631 hereditatem.
1640 580 1713 630 S.
1750 574 1815 630 Et
1861 575 1993 647 quia
2026 575 2305 648 placebat,

336 662 564 726 nepotes
606 662 890 727 neptesve,
924 657 1054 710 item
1087 663 1419 729 pronepotes
1448 661 1807 729 proneptesve
1855 654 1911 708 in
1941 655 2184 732 parentis
2216 657 2306 716 sui

337 735 518 790 locum
561 735 874 802 succedere,
907 736 1234 790 conveniens
1265 751 1387 790 esse
1420 735 1595 794 visum
1628 741 1710 790 est
1740 751 1850 789 non
1878 735 1932 789 in
1958 734 2161 808 capita,
2207 736 2310 790 sed

339 817 402 870 in
433 816 632 888 stirpes
662 815 1027 870 hereditatem
1057 814 1243 882 dividi,
1273 816 1351 870 ita
1380 822 1443 869 ut
1473 813 1615 869 filius
1647 821 1859 886 partem
1902 813 2180 870 dimidiam
2215 815 2311 870 he-

335 895 582 951 reditatis
611 895 766 964 ferat,
805 903 950 952 etex
1006 895 1180 956 altero
1219 895 1328 956 filio
1375 895 1479 950 duo
1516 894 1771 968 pluresve
1812 902 2040 966 nepotes
2074 895 2311 950 alteram

339 975 649 1040 dimidiam3
679 975 812 1030 item
843 975 890 1029 si
914 993 978 1029 ex
1011 975 1227 1030 duobus
1261 974 1383 1029 filiis
1414 982 1645 1046 nepotes
1670 977 1877 1042 extent,
1908 992 1971 1029 ex
1997 973 2170 1030 altero
2197 974 2313 1029 filio

339 1072 482 1109 unus
510 1055 651 1110 forte
686 1055 772 1112 vel
803 1055 932 1124 duo,
966 1073 1030 1113 ex
1073 1056 1245 1110 altero
1277 1065 1393 1110 tres
1428 1064 1523 1110 aut
1576 1061 1835 1127 quatuor,
1888 1055 1957 1110 ad
2002 1071 2175 1112 unum
2219 1065 2319 1112 aut

338 1134 405 1190 ad
453 1135 590 1190 duos
635 1135 856 1192 dimidia
906 1153 1036 1209 pars
1069 1137 1363 1209 pertineat,
1397 1144 1451 1192 et
1483 1135 1548 1190 ad
1597 1143 1708 1191 tres
1748 1143 1841 1192 aut
1868 1146 2110 1207 quatuor
2141 1136 2326 1192 altera

339 1215 585 1270 dimidia.

412 1300 484 1352 9.
519 1295 574 1351 Si
601 1296 784 1352 nullus
814 1298 887 1353 sit
914 1314 1136 1353 suorum
1167 1297 1453 1364 heredum,
1490 1303 1619 1352 tune
1650 1295 1932 1352 hereditas
1962 1297 2204 1370 pertinet
2251 1314 2325 1351 ex

343 1378 536 1432 eadem
583 1377 707 1448 le'ge
747 1391 824 1432 ΧΠ
867 1377 1175 1432 tabularum
1207 1377 1273 1432 ad
1311 1385 1562 1450 agnatos,
1631 1381 1759 1432 10.
1804 1379 2081 1434 Vocantur
2134 1384 2322 1432 autem

343 1457 531 1528 agnati
563 1457 656 1530 qui
686 1457 935 1528 legitima
964 1458 1286 1530 cognatione
1309 1458 1483 1529 juncti
1523 1464 1681 1512 sunt:
1708 1457 1951 1529 legitima
1978 1466 2160 1514 autem
2190 1473 2329 1528 cog-

342 1537 486 1592 natio
515 1544 601 1591 est
626 1553 690 1592 ea
718 1553 841 1610 quae
868 1555 970 1609 per
988 1537 1170 1593 virilis
1195 1554 1365 1594 semus
1391 1553 1653 1610 personas
1683 1539 2095 1611 conjungetur:
2128 1539 2331 1608 itaque

297 1624 304 1632 ‘
343 1618 537 1674 eodem
566 1624 722 1686 patre
774 1616 886 1672 nati
931 1618 1131 1674 fratres
1171 1619 1367 1690 agnati
1396 1617 1511 1672 sibi
1540 1620 1701 1684 sunt,
1740 1617 1843 1690 qui
1874 1617 2049 1673 etiam
2080 1633 2333 1690 consan-

343 1697 545 1771 9mnei
579 1705 870 1765 vocantur3
905 1712 1005 1752 nee
1043 1697 1348 1770 requiritur
1386 1714 1456 1752 an
1485 1696 1650 1761 etiam
1677 1704 1910 1754 matrem
1942 1695 2192 1752 eamdem
2230 1696 2333 1752 ha-

347 1775 600 1846 buerint3
629 1777 757 1832 item
787 1783 1020 1850 patruus
1046 1776 1231 1832 fratris
1260 1777 1393 1846 filio,
1421 1784 1474 1832 et
1497 1778 1735 1831 invicem
1766 1777 1813 1832 is
1842 1775 1925 1831 illi
1950 1783 2188 1850 agnatus
2210 1785 2335 1844 est;

353 1857 544 1913 eodem
576 1873 808 1912 numero
861 1865 988 1913 sunt
1033 1858 1233 1913 fraties
1279 1858 1556 1931 patrueles
1588 1858 1732 1911 inter
1784 1874 1863 1928 se,
1900 1857 1954 1915 id
1986 1864 2085 1926 est,
2120 1857 2209 1930 qui
2262 1873 2337 1916 ex

357 1937 569 1993 duobus
597 1938 732 1992 frati
737 1938 859 1993 ibus
894 1937 1246 2011 progenerati
1280 1945 1427 2005 sunt,
1470 1954 1608 2027 quos
1639 1936 1893 2012 plerique
1928 1939 2104 1992 etlam
2134 1953 2337 1992 conso·

357 2018 544 2077 brinos
584 2030 802 2088 vocant3
851 2036 960 2091 qua
1002 2018 1215 2074 ratione
1273 2017 1483 2075 scilicet
1539 2016 1706 2072 etiam
1766 2015 1835 2076 ad
1877 2015 2005 2089 plui
2010 2034 2067 2071 es
2120 2034 2187 2089 gi
2190 2016 2339 2077 adus

359 2100 666 2171 agnationis
721 2099 1010 2172 pervenire
1065 2100 1393 2175 poterimus,
1484 2104 1609 2153 11.
1672 2097 1785 2152 Non
1834 2104 2014 2153 tamen
2066 2097 2336 2155 omnihus

358 2178 517 2235 simul
551 2180 770 2250 agnatis
814 2179 907 2235 dat
937 2180 1024 2235 lex
1070 2194 1149 2235 ΧΠ
1190 2179 1508 2237 tabulatum
1544 2174 1931 2245 hereditatem,
1971 2175 2070 2235 sed
2091 2176 2196 2245 his,
2231 2180 2338 2249 qui

358 2267 498 2327 tum,
527 2276 650 2313 cum
682 2266 891 2313 certum
940 2266 1024 2315 est
1051 2259 1293 2331 aliquem
1344 2260 1668 2316 intestatum
1720 2257 2051 2328 decessisse
2085 2257 2339 2333 proximo

358 2339 534 2411 gradu
586 2346 736 2394 sunt.
826 2344 949 2398 12.
1005 2339 1113 2393 Nec
1161 2340 1216 2393 in
1253 2356 1316 2393 eo
1358 2340 1485 2410 jure
1518 2338 1801 2394 successio
1851 2345 1934 2391 est
1971 2336 2256 2409 :ideoque
2288 2338 2339 2393 si

355 2426 584 2490 agnatus
634 2418 915 2491 proximus
951 2419 1313 2475 hereditatem
1346 2418 1621 2487 omiserit,
1654 2418 1743 2473 vel
1782 2425 2073 2490 antequam
2114 2416 2337 2489 adierit,

357 2498 676 2568 decesserit,
711 2500 1074 2572 sequentibus
1103 2500 1239 2554 nihil
1264 2500 1415 2572 juris
1446 2516 1511 2554 ex
1543 2498 1666 2571 lege
1696 2498 1977 2573 competit.
2050 2501 2172 2557 13.
2206 2496 2342 2555 Ideo

359 2586 539 2632 autem
562 2595 663 2633 non
691 2579 878 2633 mortis
906 2588 1150 2651 tempore
1175 2580 1298 2651 quis
1322 2580 1629 2651 promimus
1658 2576 1831 2648 fuerit
1864 2577 2213 2648 requirimuS,
2240 2574 2343 2630 sed

361 2674 424 2711 eo
471 2665 715 2729 tempore
759 2676 866 2730 quo
899 2668 1109 2713 certum
1153 2660 1323 2713 fuerit
1371 2659 1607 2729 aliquem
1643 2658 1962 2711 intestatum
2011 2656 2340 2731 decessisse,

362 2738 491 2808 quia
521 2738 564 2790 si
593 2737 714 2809 quis
747 2741 1087 2793 testamento
1119 2740 1272 2809 facto
1306 2738 1625 2804 decesserit,
1658 2736 1857 2789 melius
1898 2754 2017 2791 esse
2048 2736 2227 2792 visum
2260 2741 2345 2791 est

361 2826 491 2871 tunc
523 2816 728 2889 requiri
757 2818 1084 2889 proximum,
1121 2834 1246 2871 cum
1276 2824 1488 2873 certum
1526 2833 1647 2871 esse
1688 2816 1918 2889 coeperit
1952 2816 2227 2871 neminem
2278 2832 2345 2870 ex

365 2913 428 2951 eo
459 2904 791 2951 testamento
832 2897 949 2951 fore
982 2896 1266 2953 heredem.

444 2982 568 3036 14.
613 2977 764 3041 Quod
813 2976 879 3031 ad
929 2977 1162 3031 feminas
1203 2986 1385 3031 tamen
1438 2978 1653 3043 attinet,
1704 2976 1761 3031 in
1788 2976 1888 3031 hoc
1927 2975 2051 3049 jure
2094 2974 2249 3035 aliud
2288 2975 2345 3029 in

369 3057 614 3129 ipsarum
640 3056 1040 3113 hereditatibus
1067 3058 1357 3131 capiendis
1384 3056 1767 3132 placuit,aliud
1786 3056 1837 3111 in
1864 3064 2171 3111 ceterorum
2193 3056 2353 3111 bonis

373 3136 440 3189 ab
473 3137 556 3190 his
599 3138 878 3210 capiendis
914 3156 925 3192 :
963 3154 1087 3193 nam
1129 3138 1457 3193 feminarum
1494 3138 1845 3195 hereditates
1876 3136 2109 3209 proinde
2152 3137 2223 3191 ad
2251 3146 2352 3194 nos

373 3216 674 3286 agnationis
699 3221 826 3289 jure
863 3218 1094 3274 redeunt
1135 3228 1298 3293 atque
1344 3218 1739 3287 masculorum,
1789 3225 1991 3275 nostrie
2022 3232 2151 3271 vero
2188 3214 2352 3271 here-

373 3294 567 3349 ditates
597 3296 666 3349 ad
705 3298 934 3353 feminas
980 3298 1124 3353 ultra
1173 3298 1697 3372 consanguineorum
1743 3298 1975 3368 gradum
2026 3312 2133 3351 non
2176 3294 2349 3369 perti-

378 3382 537 3441 nent;
569 3374 754 3445 itaque
785 3392 941 3429 soror
961 3378 1118 3435 fratri
1151 3378 1393 3433 sororive
1420 3378 1665 3449 legitima
1691 3377 1855 3431 heres
1888 3386 1989 3440 est,
2024 3375 2187 3431 amita
2219 3392 2345 3434 vero

380 3463 434 3509 et
479 3453 665 3509 fratris
695 3454 805 3507 filia
835 3454 1076 3525 legitima
1112 3457 1274 3513 heres
1322 3475 1445 3512 esse
1484 3474 1600 3513 ‘non
1637 3460 1856 3528 potest;
1888 3458 2104 3512 sororis
2155 3460 2345 3514 autem

377 3534 538 3589 ‘nobis
573 3535 693 3589 loco
741 3536 822 3589 est
875 3532 1036 3587 etiam
1077 3543 1253 3591 mater
1302 3545 1393 3591 aut
1431 3552 1661 3591 noverca
1696 3553 1817 3608 quae
1857 3533 1967 3608 'per
2017 3536 2072 3588 in
2124 3551 2341 3589 manum
