2548 4051
915 227 1391 278 COMMENTARIUS
1425 228 1665 278 PRIMUS.
1965 282 1968 285 ,
2200 230 2261 277 29

283 356 392 394 noc
413 338 640 399 interest
662 358 826 415 quam
846 344 1005 417 longe
1029 342 1170 398 absit
1198 342 1246 396 is
1267 348 1432 395 tutor.
1474 348 1512 396 1
1532 346 1653 397 24.
1672 342 2087 416 Sedgexcipitur,
2109 362 2175 400 ne
2207 345 2260 400 in

281 419 532 478 absentis
553 424 769 495 patroni
794 423 974 479 locum
1001 422 1163 477 liceat
1189 421 1405 476 libertae
1438 430 1673 477 tutorem
1694 430 1901 494 petere.
1945 430 1983 478 1
2003 429 2126 480 ⁸25.
2164 426 2260 481 Pa-

279 500 432 555 troni
462 510 649 558 autem
677 503 794 559 loco
823 504 1091 559 habemus
1111 501 1288 557 etiam
1315 510 1598 575 parentem
1623 503 1715 575 qui
1742 520 1806 557 ex
1837 520 1921 570 eo,
1962 506 2105 576 quod
2143 506 2259 579 ipse

280 578 393 634 sihi
422 584 852 656 remancipatam
873 582 1041 639 filiam
1075 591 1380 654 neptemve,
1414 590 1508 637 aut
1552 591 1875 654 proneptem
1920 586 2258 654 manumisit,

279 656 583 731 legitimam
616 664 844 719 tutelam
874 670 1069 720 nactus
1091 670 1192 717 est.
1229 663 1338 719 Sed
1367 660 1531 733 hujus
1578 661 1799 735 quidem
1846 663 2011 720 liberi
2040 665 2260 722 fiducia-

281 741 361 796 rz'i
383 744 576 801 tutoris
604 745 724 802 loco
745 752 1132 813 numerantur3
1164 745 1409 815 patroni
1438 748 1633 801 autem
1682 743 1851 800 liberi
1881 747 2130 802 eamdem
2172 757 2263 804 tu-

272 820 448 878 telam
473 825 871 899 adipiscuntur,
900 843 1069 898 quam
1085 832 1140 880 et
1169 833 1328 897 pater
1358 840 1548 879 eorum
1578 824 1789 880 habuit.
1838 831 1880 883 1
1899 830 2022 881 ἴθ’.
2044 827 2148 883 Sed
2164 828 2263 882 ali-

283 904 500 973 quando
532 906 697 962 etiam
746 907 802 961 in
843 905 1063 979 patroni
1100 904 1345 961 absentis
1391 903 1569 959 locum
1620 906 1975 977 permittitur
2026 914 2263 962 tutorem

280 991 498 1055 petere,
529 986 697 1043 veluti
725 988 795 1043 ad
828 986 1188 1042 hereditatem
1219 982 1549 1040 adeundam.
1638 990 1676 1038 1
1696 988 1735 1039 ⁸8
1754 989 1821 1040 ³2.
1856 984 2007 1041 ldem
2040 994 2265 1043 senatus

284 1064 502 1119 censuit
531 1073 586 1120 et
614 1066 670 1120 in
694 1083 927 1137 persona
945 1064 1138 1136 pupilli
1166 1063 1379 1136 patroni
1408 1062 1529 1119 filii.
1564 1069 1605 1119 1
1623 1069 1747 1120 ἳ8.
1768 1063 1901 1120 Nam
1932 1068 1991 1122 et
2018 1066 2140 1139 lege
2164 1068 2262 1123 Ju-

281 1141 456 1216 Iiade
485 1144 806 1200 maritandis
837 1144 1118 1199 ordinibus
1150 1142 1199 1198 ei
1227 1152 1352 1214 quae
1381 1144 1435 1197 in
1461 1143 1707 1215 legitima
1749 1145 1922 1199 tutela
1942 1146 2136 1219 pupilli
2162 1148 2254 1217 sit,

276 1224 616 1299 permittitur
648 1225 794 1280 dotis
823 1222 1218 1280 constituendae
1247 1222 1428 1294 gratia
1448 1238 1478 1276 a
1508 1224 1745 1278 Praetore
1775 1225 1983 1280 urbano
2024 1233 2259 1283 tutorem

275 1309 492 1374 petere.
558 1309 742 1361 1⁸28.
785 1304 922 1359 Sane
944 1301 1161 1376 patroni
1190 1302 1336 1357 filius
1365 1300 1577 1357 etiamsi
1607 1301 1862 1375 impubes
1909 1304 2004 1371 sit,
2042 1305 2259 1362 libertae

275 1380 553 1438 efficietur
572 1390 1095 1456 tutor-,quamquam
1110 1382 1166 1436 in
1183 1381 1337 1438 nulla
1352 1398 1411 1436 re
1443 1390 1634 1436 auctor
1653 1380 1771 1436 fieri
1786 1389 1989 1455 potest,
2012 1400 2135 1439 cum
2154 1386 2259 1458 ipsi

274 1459 422 1514 nihil
451 1463 772 1533 permissum
805 1464 874 1520 sit
904 1464 1018 1519 sine
1049 1462 1246 1517 tutoris
1292 1461 1615 1518 auctoritate
1647 1477 1831 1532 agere.
1908 1469 2091 1520 181).
2122 1465 2259 1523 Item

273 1540 327 1595 si
353 1556 458 1611 qua
486 1542 541 1596 in
570 1544 745 1599 tutela
764 1544 1008 1616 legitima
1039 1541 1229 1598 furiosi
1260 1551 1354 1597 aut
1380 1542 1514 1597 muti
1542 1541 1997 1613 sit‚pe1·mittitur
2012 1544 2062 1599 ei
2095 1562 2261 1602 sena-

274 1621 618 1678 tusconsulto
638 1623 778 1679 dotis
797 1622 1189 1679 constituendae
1215 1622 1397 1693 gratia
1416 1629 1654 1677 tutorem
1674 1631 1883 1695 petere.
1923 1629 1961 1677 1
1978 1629 2025 1679 8
2038 1630 2105 1678 1.
2128 1624 2257 1690 0ὐί-

271 1701 384 1755 bus
427 1702 662 1771 casibus,
693 1704 894 1760 salvam
942 1720 1164 1759 manere
1220 1702 1450 1757 tutelam
1494 1710 1723 1775 patrono
1772 1703 2095 1777 patronique
2142 1706 2257 1763 filio

273 1781 630 1838 manifestum
656 1792 758 1839 est.
808 1787 991 1840 1872.
1027 1783 1298 1838 Praeterea
1329 1790 1548 1838 senatus
1578 1783 1811 1851 censuit,
1831 1792 1892 1839 ut
1920 1784 1965 1839 si
1987 1792 2133 1842 tutor
2158 1804 2255 1860 pu-

271 1860 417 1933 pilli,
449 1862 765 1935 pupillaeve,
800 1871 1084 1936 suspectus
1125 1878 1158 1916 a
1200 1861 1375 1916 tutela
1420 1869 1667 1917 remotus
1714 1862 1806 1931 sit,
1853 1863 1966 1919 sive
2004 1882 2069 1919 ex
2105 1868 2257 1937 justa

273 1957 441 1997 causa
470 1942 638 1999 fuerit
663 1950 974 2011 excusatuS,
1016 1943 1070 1997 in
1102 1941 1279 1998 locum
1300 1940 1419 2013 ejus
1458 1939 1596 1995 alius
1621 1947 1771 1996 tutor
1791 1941 1969 2011 detur,
1986 1961 2093 2016 quo
2114 1943 2251 2002 facto

269 2021 426 2096 prior
440 2032 589 2080 tutor
613 2024 826 2080 amittet
845 2023 1091 2080 tutelam.
1142 2027 1325 2078 1823.
1349 2021 1475 2077 Haec
1505 2021 1685 2076 omnia
1717 2021 1971 2078 similiter
2000 2030 2052 2078 et
2069 2024 2253 2082 Romae

271 2111 334 2158 et
361 2103 413 2157 in
439 2104 734 2176 provinciis
760 2105 1140 2170 observantur,
1172 2102 1382 2157 scilicet
1429 2106 1497 2157 ut
1526 2104 1714 2158 Romoe
1743 2118 1780 2158 a
1827 2103 2074 2158 Proetore
2105 2111 2158 2159 et
2196 2105 2254 2160 in

267 2183 570 2257 provinciis
607 2201 638 2238 a
685 2184 923 2240 Praeside
952 2182 1249 2256 provinciae
1278 2188 1430 2237 tutor
1458 2183 1576 2254 peti
1606 2182 1821 2238 debeat.
1899 2189 2079 2239 184.
2112 2183 2252 2240 Olim

271 2279 398 2317 cum
428 2263 568 2338 legis
599 2264 836 2320 actiones
865 2264 919 2318 in
948 2281 1051 2318 usu
1081 2270 1254 2332 erant,
1284 2261 1447 2317 etiam
1477 2279 1543 2317 ex
1573 2261 1663 2318 illa
1688 2279 1851 2318 causa
1893 2271 2040 2320 tutor
2080 2266 2250 2322 daba-

268 2351 388 2410 tur,
417 2343 463 2398 si
492 2345 637 2399 inter
667 2353 911 2400 tutorem
965 2350 1020 2398 et
1062 2342 1348 2398 mulierem
1405 2342 1739 2416 pupillumve
1798 2344 1921 2417 lege
1975 2347 2248 2418 agendum

270 2430 427 2478 erat:
460 2441 586 2480 nam
621 2424 750 2497 quia
782 2424 910 2498 ipse
940 2430 1094 2479 tutor
1123 2423 1177 2479 in
1206 2441 1266 2479 re
1301 2440 1399 2479 sua
1457 2431 1644 2492 auctor
1699 2441 1817 2479 esse
1877 2442 1983 2481 non
2036 2435 2254 2501 poterat

268 2503 414 2559 alius
443 2505 697 2571 dabatur,
731 2521 840 2578 quo
871 2511 1094 2559 auctore
1133 2504 1274 2575 legis
1303 2503 1443 2557 actio
1470 2511 1859 2574 perageretur:
1903 2507 1994 2578 qui
2026 2507 2248 2562 diceba-

267 2591 383 2654 tur,
417 2586 703 2658 praetorius
736 2593 906 2652 tutor,
940 2583 1072 2656 quia
1099 2600 1136 2639 a
1168 2583 1401 2638 Praetore
1431 2583 1641 2637 urbano
1673 2582 1922 2639 dabatur.
1966 2585 2075 2642 Sed
2122 2597 2247 2658 post

266 2663 521 2720 sublatas
550 2665 688 2740 legis
719 2666 960 2722 actiones
985 2663 1206 2736 quidam
1231 2669 1424 2736 putant
1450 2661 1590 2716 hanc
1615 2662 1856 2735 speciem
1899 2663 2062 2740 dandi
2097 2675 2242 2724 tulo-

263 2745 349 2800 ris
370 2744 424 2800 in
453 2764 556 2800 usu
575 2763 697 2802 esse
726 2746 980 2812 desiisse,
1013 2743 1135 2800 aliis
1167 2747 1362 2800 autem
1391 2742 1573 2816 placet
1599 2743 1782 2799 adhuc
1808 2743 1865 2798 in
1892 2759 1995 2800 usu
2036 2763 2174 2817 esse,
2198 2750 2253 2805 si-

259 2825 516 2898 legitimo
541 2826 749 2899 judicio
771 2834 984 2901 agatur.

351 2912 533 2970 185.
559 2906 614 2962 Si
643 2906 732 2963 cui
756 2905 935 2961 nullus
955 2906 1168 2962 omnino
1192 2913 1343 2962 tutor
1363 2905 1455 2973 sit,
1486 2905 1537 2960 ei
1558 2904 1795 2961 daturin
1824 2908 1961 2964 urbe
1987 2910 2157 2966 Roma
2182 2930 2247 2970 ex

265 2986 390 3057 lege
422 2986 583 3041 Atilia
609 3003 640 3042 a
680 2985 914 3042 Praetore
945 2987 1158 3041 urbano
1190 2995 1242 3042 et
1269 2987 1476 3057 majore
1501 2993 1655 3058 parte
1682 2987 2031 3059 tribunorum
2064 2992 2246 3064 plebis

263 3063 364 3138 qui
390 3065 653 3120 Atilianus
682 3058 829 3122 tutor
857 3074 1081 3122 vocatur
1105 3067 1195 3134 ;in
1223 3066 1520 3138 provinciis
1549 3083 1679 3122 vero
1702 3083 1734 3122 a
1752 3067 2087 3126 Praesidibus
2117 3091 2246 3146 pro-

263 3145 575 3201 vinciarum
597 3160 667 3200 σω
685 3145 809 3216 lege
836 3147 980 3201 iulia
1000 3155 1054 3202 et
1075 3146 1234 3202 Titia.
1261 3151 1303 3201 1
1318 3151 1449 3202 86.
1474 3146 1543 3202 Et
1559 3146 1706 3213 ideo,
1730 3147 1775 3201 si
1802 3149 1891 3201 cui
1913 3155 2241 3213 testamento

263 3235 420 3282 tutor
445 3223 550 3280 sub
572 3223 908 3289 conditione,
934 3233 1026 3279 aut
1041 3243 1106 3280 ex
1135 3227 1222 3280 die
1239 3235 1409 3292 certo,
1437 3227 1595 3280 datus
1612 3226 1704 3292 sit,
1722 3227 1979 3298 quamdiu
2000 3234 2241 3294 conditio

247 3314 364 3361 -aut
395 3305 512 3361 dies
541 3305 756 3377 pendet,
791 3310 940 3360 tutor
990 3302 1109 3360 dari
1157 3310 1372 3376 potest3
1413 3303 1545 3358 item
1594 3304 1641 3359 si
1684 3323 1821 3378 pure
1862 3307 2018 3367 datus
2055 3315 2238 3384 suerit,

265 3386 531 3456 quamdiu
562 3401 722 3441 nemo
752 3384 914 3440 heres
937 3384 1159 3454 existat,
1183 3384 1392 3441 tamdiu
1412 3401 1477 3440 ex
1499 3385 1583 3440 his
1610 3385 1829 3458 legibus
1858 3397 2008 3448 tutor
2044 3403 2239 3466 peten-

263 3465 370 3521 dus
406 3474 506 3534 est,
539 3465 633 3538 qui
667 3466 871 3522 desinit
895 3473 1042 3522 tutor
1068 3483 1208 3536 esse,
1230 3472 1588 3540 posteaquam
1606 3466 1804 3541 aliquis
1840 3488 1903 3526 ex
1922 3479 2240 3530 testamento

265 3553 420 3601 tutor
450 3561 572 3602 esse
603 3546 847 3620 coeperit.
896 3550 1082 3603 19⁸2.
1113 3548 1194 3604 Ab
1222 3547 1479 3604 hostibus
1510 3564 1727 3622 quoque
1761 3559 1939 3607 tutore
1969 3560 2145 3676 cgpto,
2175 3571 2241 3612 ex
