2548 4051
633 273 643 279 “
713 273 1181 326 COMMENTARIUS
1216 278 1490 328 TERTIUS.
1550 303 1554 310 ·
2029 283 2083 330 911
2162 237 2165 246 ·

111 391 554 461 saetacujusque
584 388 891 446 venditione
916 408 980 445 an
1001 391 1263 448 locatione
1288 413 1298 448 :
1328 383 1444 464 jam
1474 395 1624 450 enim
1654 414 1761 454 non
1786 398 2087 465 dubitatur,

26 481 30 534 ξ
113 470 254 545 quin
293 471 394 526 suh
426 469 733 525 conditione
765 487 857 526 res
894 470 1070 526 veniri
1113 481 1205 528 aut
1255 473 1425 528 locari
1467 477 1691 547 possint.

198 555 380 607 142.
401 551 538 606 Item
570 551 856 623 quaeritur‚
889 551 934 607 si
964 569 1088 606 cum
1106 553 1325 608 aurifice
1343 553 1474 608 mihi
1500 559 1835 628 convenerit,
1857 568 1917 614 ut
1949 559 1995 613 is
2026 577 2103 614 ex-

115 649 254 688 auro
286 648 380 688 suo
408 631 543 687 certi
574 631 833 705 ponderis
861 640 1132 705 certaeque
1171 634 1362 689 formae
1398 635 1626 692 annulos
1684 639 1817 692 mihi
1859 639 2087 709 faceret,

117 725 174 769 et
208 713 476 786 acceperit
504 713 659 768 verbi
698 711 874 784 gratia
900 713 1156 769 denarios
1188 729 1270 783 CC,
1312 723 1496 770 utrum
1524 718 1725 790 emptio
1766 725 1818 774 et
1846 720 2090 774 venditio

118 813 192 850 an
215 793 406 860 locatio
439 801 491 848 et
519 792 807 848 conductio
835 794 1219 849 contrahatur:
1253 795 1473 851 Cassius
1494 797 1589 864 ait,
1606 799 1851 854 materiae
1873 799 2093 871 quidem

119 875 457 947 emptionem
492 873 979 947 venditionemque
1014 875 1281 944 contrahi,
1330 893 1623 950 operarum
1653 887 1834 934 autem
1864 879 2091 935 locatio-

118 973 248 1011 nem
263 963 319 1010 et
333 955 782 1022 conductionem3
805 955 902 1010 sed
931 955 1213 1028 plerisque
1240 957 1444 1029 placuit
1474 958 1805 1030 emptionem
1835 969 1889 1016 et
1909 960 2092 1016 vendi-

119 1037 326 1092 tionem
357 1035 632 1090 contrahi:
669 1035 820 1106 atqui
851 1035 897 1090 si
927 1053 1112 1090 meum
1139 1053 1336 1091 aurum
1369 1037 1420 1091 ei
1442 1038 1667 1108 deder0,
1702 1041 1954 1096 mercede
1994 1057 2093 1113 pro

121 1134 296 1190 opera
324 1117 637 1184 constituta,
669 1115 922 1180 convenit
940 1114 1268 1171 locationem
1309 1118 1723 1174 conductionem
1755 1121 2020 1178 contrahi.

202 1204 241 1252 1
256 1203 382 1256 49.
403 1197 725 1252 Societatem
743 1197 888 1251 coire
906 1197 1144 1252 solemus
1161 1205 1254 1252 aut
1269 1204 1509 1253 totorum
1523 1199 1792 1256 honorum
1810 1209 1903 1256 aut
1936 1202 2096 1256 unius

122 1276 358 1350 alicujus
385 1278 616 1350 negotii,
646 1275 813 1333 veluti
842 1277 1244 1350 mancipiorum
1272 1279 1624 1334 emendorum
1652 1288 1747 1334 aut
1778 1281 2092 1336 vendendo-

121 1351 266 1415 rum.
295 1363 476 1415 149.
500 1359 695 1430 Magna
712 1365 893 1416 autem
911 1357 1141 1430 quaestio
1165 1357 1287 1426 fuit,
1308 1376 1375 1413 an
1391 1358 1465 1414 ita
1490 1358 1624 1414 coiri
1640 1359 1811 1432 possit
1840 1359 2095 1433 societaS,

121 1448 181 1495 ut
229 1439 357 1512 quis
406 1440 668 1512 majorem
716 1446 926 1510 partem
966 1438 1230 1506 lucretur,
1278 1439 1547 1495 minorem
1570 1505 1577 1509 ,
1601 1440 1783 1495 damni
1840 1449 2091 1513 praestet:

123 1521 274 1592 quod
307 1520 368 1584 Q.
403 1519 608 1575 Mucius
648 1522 862 1576 contra
880 1521 1164 1575 naturam
1208 1520 1507 1576 societatis
1552 1536 1667 1576 esse
1698 1521 2097 1587 emistimaviQ

121 1601 220 1657 sed
249 1601 408 1656 Serv.
443 1599 752 1670 Sulpicius,
783 1601 945 1671 cujus
988 1598 1152 1653 etiam
1182 1599 1482 1671 praevaluit
1522 1601 1813 1670 sententia,
1850 1601 1985 1656 adeo
2022 1601 2099 1656 ita

123 1680 260 1746 coiri
285 1698 445 1753 posse
466 1679 776 1735 societ-atem
809 1679 1160 1746 existimavit,
1194 1687 1255 1733 ut
1302 1679 1500 1735 dixerit
1543 1679 1635 1734 illo
1682 1699 1900 1754 quoque
1940 1681 2100 1737 modo

125 1761 261 1816 coiri
291 1777 477 1832 posse,
509 1767 569 1815 ut
591 1759 716 1833 quis
748 1758 883 1814 nihil
913 1758 1131 1813 omnino
1161 1759 1349 1814 damni
1381 1767 1625 1832 praestet,
1654 1763 1755 1816 sed
1802 1760 1940 1816 lucri
1969 1778 2099 1834 par-

123 1851 237 1897 tem
270 1841 470 1914 capiat,
503 1841 548 1895 si
570 1841 730 1896 modo
762 1856 932 1912 opera
953 1840 1076 1912 ejus
1101 1847 1209 1894 tam
1240 1840 1487 1910 pretiosa
1508 1841 1775 1910 videatur,
1792 1849 1853 1896 ut
1880 1858 2102 1912 aequum

128 1922 353 1988 sit‚eum
371 1938 493 1977 cum
521 1921 622 1976 hac
645 1921 896 1994 pactione
911 1921 967 1974 in
988 1919 1311 1976 societatem
1329 1919 1578 1975 admitti:
1600 1937 1734 1977 nam
1754 1928 1807 1975 et
1832 1921 1907 1976 ita
1936 1937 2102 1993 posse

126 2001 619 2059 coiri'societatem
649 2009 877 2070 constat,
911 2009 969 2057 ut
995 2019 1138 2058 unus
1169 2001 1461 2074 pecuniam
1508 2001 1773 2071 conferat,
1823 2000 1961 2057 alter
1995 2018 2103 2057 non

125 2085 392 2154 conferat,
427 2092 688 2139 ettamen
714 2084 930 2138 lucrum
961 2083 1104 2137 inter
1154 2098 1247 2138 eos
1290 2098 1577 2138 commune
1620 2082 1713 2151 sit;
1762 2098 1907 2154 saepe
1958 2082 2099 2137 enim

126 2164 540 2239 operaalicujus
563 2181 660 2237 pro
677 2163 908 2238 pecunia
929 2152 1097 2219 valet]
1130 2167 1313 2218 15⁰.
1348 2162 1410 2217 Et
1441 2162 1578 2218 illud
1595 2170 1807 2218 certum
1838 2170 1937 2231 est,
1962 2162 2008 2217 si
2032 2162 2099 2217 de

127 2245 386 2318 partibus
410 2243 547 2299 lucri
577 2252 632 2299 et
659 2243 846 2300 damni
875 2243 1011 2297 nihil
1035 2243 1174 2297 inter
1206 2259 1302 2298 eos
1346 2243 1684 2311 convenerit,
1712 2252 1894 2298 tamen
1926 2242 2103 2315 aequis

128 2344 195 2379 ex
218 2324 466 2398 partibus
481 2325 828 2381 commodum
857 2331 906 2378 et
926 2323 1329 2379 incommodum
1350 2322 1601 2379 intereos
1628 2340 1916 2379 commune
1943 2338 2063 2377 esse
2087 2340 2101 2389 3

128 2405 225 2460 sed
255 2404 299 2459 si
328 2405 385 2459 in
414 2406 589 2461 altero
630 2412 812 2478 partes
843 2420 1118 2477 expressae
1171 2404 1392 2472 fuerint,
1432 2403 1583 2459 velut
1620 2403 1675 2459 in
1722 2404 1895 2473 lucre,
1927 2404 1982 2457 in
2021 2402 2101 2458 al-

126 2493 244 2541 tero
275 2502 405 2540 vero
433 2484 669 2553 omissae,
697 2485 752 2539 in
781 2501 844 2542 ee
865 2502 1086 2558 quoque
1117 2484 1264 2557 quod
1298 2484 1559 2539 omissum
1602 2493 1683 2539 cst
1730 2483 1939 2539 similes
1975 2499 2101 2555 par-

127 2572 212 2620 tes
243 2573 424 2621 erunt.
497 2568 504 2575 '

205 2650 390 2702 151.
415 2646 590 2703 Manet
629 2656 814 2704 autem
841 2645 1072 2703 societas
1108 2662 1172 2701 eo
1217 2662 1415 2717 usque,
1446 2643 1619 2698 donec
1663 2642 1719 2698 in
1751 2644 1945 2700 eodem
1975 2658 2103 2699 con-

128 2742 295 2781 sensu
321 2736 707 2798 perseverant3
733 2737 787 2785 at
815 2746 937 2784 cum
967 2725 1168 2799 aliquis
1203 2724 1603 2781 renuntiaverit
1632 2723 1902 2790 societati,
1932 2723 2101 2779 socie-

130 2814 210 2861 tas
239 2804 494 2862 solvitur:
530 2808 625 2864 sed
658 2809 818 2881 plane
847 2808 892 2863 si
922 2808 1042 2880 quis
1071 2808 1125 2862 in
1159 2809 1264 2863 hoc
1308 2805 1705 2863 renuntiaverit
1745 2804 2008 2871 societati,
2042 2810 2103 2859 ut

130 2886 425 2943 obveniens
453 2888 678 2961 aliquod
705 2883 918 2944 lucrum
958 2884 1102 2943 solus
1143 2888 1362 2955 habeat,
1397 2886 1654 2942 veluti“si
1698 2886 1831 2941 mihi
1865 2893 2105 2941 totorum

129 2966 397 3022 bonorum
423 2968 625 3037 socius,
661 2985 783 3024 cum
821 2968 891 3023 ab
929 2966 1110 3038 aliquo
1143 2968 1307 3023 heres
1348 2976 1492 3023 esset
1523 2967 1769 3033 relictus,
1804 2965 1859 3021 in
1889 2966 1991 3021 hoc
2018 2982 2101 3018 rc-

131 3047 466 3102 nuntiaverit
494 3048 760 3115 societati,
791 3054 850 3103 ut
884 3047 1246 3113 hereditatem
1282 3047 1432 3102 solus
1468 3046 1607 3102 lucri
1629 3046 1814 3112 faciat,
1873 3051 2105 3115 cogetur

131 3126 229 3182 hoc
259 3126 470 3181 lucrum
502 3128 928 3195 communicare3
967 3128 1013 3182 si
1047 3127 1177 3199 quid
1208 3144 1338 3182 vero
1375 3126 1521 3181 aliud
1547 3125 1687 3181 lucri
1724 3126 1937 3191 fecerit,
1961 3123 2105 3197 quod

131 3224 237 3261 non
267 3206 586 3278 captaverit,
619 3207 687 3261 ad
742 3208 922 3279 ipsum
953 3207 1125 3261 solum
1155 3206 1431 3281 pertinet:
1485 3205 1618 3260 mihi
1652 3222 1781 3260 vero
1829 3204 2099 3278 quidquid

136 3286 356 3341 omnino
383 3297 504 3360 post
531 3287 895 3344 renuntiatam
921 3286 1234 3342 societatem
1274 3285 1609 3358 adquiritur,
1634 3284 1740 3340 soli
1756 3285 2093 3341 conceditur.

140 3372 320 3423 1592.
359 3367 598 3425 Solvitur
627 3370 805 3425 adhuc
835 3367 1066 3425 societas
1098 3366 1260 3422 etiam
1286 3374 1471 3422 morte·
1493 3366 1645 3433 socii,
1664 3366 1793 3442 quia
1815 3368 1906 3439 qui
1936 3368 2104 3422 socie-

136 3456 301 3503 tatem
321 3450 612 3519 contrahit,
634 3459 844 3507 certam
870 3464 1160 3523 personam
1186 3447 1289 3503 sibi
1312 3447 1486 3520 eligit,
1511 3453 1550 3501 1
1567 3452 1694 3503 53.
1718 3448 1924 3504 Dicitur
1942 3448 2105 3511 etiam

138 3526 329 3600 capitis
355 3525 720 3588 deminutione
755 3531 890 3587 solvi
938 3529 1279 3597 societatem,
1305 3529 1435 3601 quia
1479 3527 1622 3583 civili
1665 3528 1877 3584 ratione
1906 3523 2104 3597 capitis

141 3607 432 3670 deminutio
462 3612 625 3673 morti
651 3611 1114 3689 coaequatur3sed
1141 3612 1331 3685 utique
1382 3610 1430 3667 si
1459 3610 1639 3670 adhuc
1668 3606 2007 3677 consentiant
2046 3604 2103 3661 in
