2548 4051
80 3 291 35 t.'···.·.vw,-„-;2:2r
319 13 330 20 ··
372 5 398 16 -.
423 3 615 35 ’,τινε

59 33 106 62 ⁸7¹-
133 34 136 40 Δ
254 30 272 51 r*
461 33 466 35 ³
517 31 520 34 ⁴
541 41 546 43 “
611 41 614 43 “

20 157 26 166 ,
528 157 535 161 .

20 169 22 182 Ι

764 247 1238 325 ὓΟΜΜΕΝΤΑΚΙῌὸ
1269 247 1539 296 TERTIUS.
2086 249 2135 296 71

161 364 582 422 conventionem
603 364 752 436 apud
771 371 984 436 patrem
1013 370 1260 418 nostrum
1290 363 1417 434 jura
1438 361 1562 417 filiae
1584 371 1753 419 nacta
1778 371 1882 418 est.
1938 369 2062 420 15.
2090 365 2145 420 Si

163 445 239 514 ei,
265 447 358 518 qui
381 445 667 500 defunctus
698 443 820 510 erit,
853 444 926 500 sit
953 443 1126 498 frater
1155 451 1211 498 et
1245 443 1474 496 alterius
1501 443 1684 498 fratris
1718 443 1883 510 filius,
1910 445 2053 500 sicut
2084 463 2147 500 ex

161 525 546 600 superioribus
577 523 944 597 intellegitur,
977 523 1145 582 frater
1193 522 1375 596 potior
1428 529 1531 590 est,
1563 522 1688 595 quia
1726 524 1907 596 gradu
1946 542 2148 597 praece·

161 607 244 662 dit
285 625 296 660 :
343 605 441 660 sed
473 605 584 660 alia
621 604 765 660 facta
806 612 892 658 est
926 603 1064 675 juris
1103 603 1491 675 interpretatio
1534 602 1679 657 inter
1727 619 1854 658 suos
1895 604 2146 658 heredes,

168 692 299 742 16.
337 685 490 750 Quod
533 685 579 740 si
624 684 863 740 defuncti
909 683 1093 739 nullus
1137 683 1309 738 frater
1344 689 1509 749 extet,
1557 684 1656 738 sed
1694 683 1802 738 sint
1845 683 2007 738 liberi
2044 685 2155 740 fra-

163 776 339 834 trum,
371 765 441 822 ad
473 781 665 822 omnes
697 765 920 838 quidem
964 763 1244 819 hereditas
1280 762 1545 836 pertinet3
1581 763 1679 818 sed
1718 764 2006 837 quaesitum
2051 773 2153 833 est,

165 849 213 904 si
272 846 482 920 dispari
516 846 658 902 forte
697 861 924 900 numero
957 843 1065 900 sint
1114 844 1250 912 nati,
1282 851 1344 898 ut
1372 860 1437 898 ex
1484 860 1592 898 uno
1630 861 1771 900 unus
1818 844 1904 899 vel
1938 845 2062 912 duo,
2096 863 2161 899 ex

169 928 345 984 altero
383 933 504 982 tres
543 925 630 981 vel
660 933 913 998 quatuor,
973 935 1161 980 utrum
1205 924 1261 978 in
1307 923 1509 994 stirpes
1548 923 1845 980 dividenda
1894 925 1967 980 sit
2003 925 2160 980 here-

174 1007 351 1076 ditas,
383 1005 528 1062 sicut
558 1005 702 1060 inter
738 1022 869 1074 suos
908 1003 1145 1060 heredes
1176 1003 1317 1074 juris
1362 1010 1478 1071 est,
1522 1021 1590 1058 an
1629 1005 1808 1075 potius
1849 1005 1905 1059 in
1946 1005 2157 1078 capita:

171 1090 295 1162 jam
324 1087 532 1142 dudum
576 1093 759 1141 tamen
795 1084 1000 1158 placuit
1042 1084 1099 1138 in
1155 1083 1336 1154 capita
1381 1083 1731 1138 dividendam
1778 1102 1897 1140 esse
1945 1085 2161 1140 heredi-

179 1175 384 1236 tatem3
436 1167 624 1238 itaque
665 1167 942 1238 quotquot
991 1174 1152 1219 erunt
1191 1163 1261 1218 ab
1312 1170 1547 1235 utraque
1582 1173 1735 1235 parte
1796 1183 2061 1236 personae,
2107 1165 2161 1219 in

181 1256 269 1304 tot
292 1247 575 1320 portiones
623 1245 903 1300 hereditas
959 1242 1365 1318 dividetur„ita
1414 1250 1475 1297 ut
1504 1241 1707 1314 singuli
1741 1244 1984 1316 singulas
2033 1262 2161 1318 por-

183 1328 364 1382 tiones
393 1327 588 1382 ferant.
1271 1385 1276 1389 ,

266 1413 305 1463 1
323 1411 363 1462 θ
381 1449 394 1462 .
428 1406 482 1461 Si
512 1405 694 1462 nullus
714 1405 950 1477 agnatus
999 1405 1089 1472 sit,
1127 1403 1318 1458 eadem
1357 1401 1455 1459 lew
1485 1417 1556 1458 ΧΠ
1584 1401 1891 1458 tabularum
1920 1404 2161 1478 gentiles

185 1487 259 1544 ad
292 1485 656 1542 hereditatem
686 1493 885 1543 vocat:
924 1484 1019 1557 qui
1043 1484 1150 1540 sint
1181 1491 1365 1540 autem
1397 1483 1651 1555 gentileS,
1682 1484 1855 1556 primo
1889 1502 2164 1540 commen-

184 1565 328 1622 tario
375 1563 694 1632 retulimus;
745 1571 799 1620 et
833 1582 958 1620 cum
987 1563 1098 1620 illic
1144 1562 1596 1619 admonuerimus
1630 1569 1805 1618 totum
1836 1564 2167 1636 gentilitium

178 1647 277 1718 jus
307 1645 366 1700 in
399 1644 816 1700 desuetudinem
844 1645 1079 1712 abiisse,
1111 1661 1516 1717 supervacuum
1548 1650 1635 1699 est
1676 1645 1780 1700 hoc
1809 1661 2023 1718 quoque
2048 1644 2166 1701 loco

189 1727 264 1782 de
293 1725 490 1780 eadem
517 1741 576 1780 re
604 1723 880 1780 curiosius
912 1731 1174 1779 tractare.
1408 1784 1411 1786 v

272 1812 396 1862 15.
442 1805 726 1861 Hactenus
753 1804 878 1876 lege
925 1818 1002 1878 xli
1055 1804 1372 1859 tabularum
1408 1804 1578 1859 finitae
1622 1814 1752 1860 sunt
1788 1805 2170 1862 intestatorum

190 1885 532 1944 hereditates
557 1904 570 1940 z
605 1885 754 1956 quod
769 1885 863 1956 jus
895 1883 1353 1955 quemadmodum
1385 1884 1633 1938 strictum
1664 1884 1849 1952 fuerit,
1879 1886 2061 1958 palam
2090 1895 2175 1942 est

192 1966 714 2039 intellegere219.
742 1964 932 2020 Statim
952 1964 1097 2019 enim
1120 1964 1449 2039 emancipati
1481 1962 1639 2019 liberi
1666 1964 1873 2019 nullum
1890 1965 1982 2038 jus
2005 1965 2061 2020 in
2082 1967 2175 2021 he·

191 2046 492 2103 reditatem
518 2044 767 2118 parentis
787 2061 854 2099 ex
871 2062 936 2100 ea
967 2044 1092 2116 lege
1123 2044 1353 2112 habent,
1378 2062 1503 2099 cum
1536 2043 1802 2099 desierint
1826 2046 1909 2099 sui
1940 2046 2173 2110 heredes

195 2144 346 2183 esse.
381 2130 510 2183 81).
541 2124 698 2181 Idem
717 2124 856 2196 juris
882 2132 982 2192 est,
1006 2124 1052 2179 si
1076 2124 1199 2179 ideo
1229 2123 1389 2179 liberi
1420 2141 1527 2179 non
1557 2124 1668 2179 sint
1699 2125 1754 2179 in
1786 2132 2057 2199 potestate
2082 2143 2174 2198 pa-

195 2205 320 2274 tris,
355 2206 486 2277 quia
515 2204 621 2259 sint
647 2222 768 2259 cum
799 2222 863 2259 eo
902 2204 1120 2259 civitate
1159 2206 1405 2260 Romana
1434 2204 1641 2274 donati,
1688 2222 1789 2259 nec
1829 2206 1898 2259 ab
1931 2206 2173 2278 impera-

197 2295 323 2343 tore
355 2284 413 2339 in
438 2291 772 2356 potestatem
801 2283 1009 2339 redacti
1037 2284 1256 2340 fuerint.
1324 2290 1452 2342 ΕΙ.
1488 2283 1626 2340 Item
1652 2286 1839 2357 agnati
1873 2286 2049 2358 capite
2081 2286 2177 2340 de-

198 2364 394 2422 minuti
423 2380 530 2419 non
561 2362 923 2419 admittuntur
954 2381 1018 2419 ex
1045 2381 1110 2419 ea
1138 2363 1262 2437 lege
1298 2365 1367 2420 ad
1402 2365 1787 2433 hereditatem,
1821 2366 1946 2437 quia
1981 2383 2177 2427 nomen

203 2443 512 2519 agnationis
566 2442 762 2516 capitis
795 2444 1170 2499 deminutione
1225 2444 1531 2517 perimitur.
1610 2451 1737 2501 22.
1771 2447 1910 2500 Item
1936 2446 2177 2517 proximo

202 2533 404 2597 agnato
424 2541 532 2580 non
561 2524 796 2580 adeunte
828 2522 1388 2594 hereditatem‚nihilo
1417 2524 1593 2595 magis
1625 2542 1859 2595 sequens
1883 2526 2009 2596 jure
2040 2526 2179 2596 legi-

202 2606 335 2661 timo
365 2604 685 2661 admittitur.
765 2609 892 2662 93.
917 2604 1052 2659 Item
1076 2604 1292 2660 feminae
1322 2613 1533 2677 agnatae
1560 2622 1919 2677 quaecumque
1950 2622 2181 2659 consan-

203 2686 528 2759 guineorum
544 2685 782 2757 gradum·
795 2684 1084 2755 excedunt,
1109 2685 1248 2739 nihil
1268 2685 1409 2758 juris
1435 2702 1499 2739 ex
1530 2686 1653 2758 lege
1685 2686 1911 2741 habent.
1947 2691 2073 2741 24.
2100 2686 2183 2741 si-

205 2766 406 2822 militer
428 2782 536 2821 non
566 2765 923 2821 admittuntur
951 2765 1167 2839 cognati
1200 2766 1295 2839 qui
1327 2783 1427 2839 per
1454 2764 1699 2821 feminini
1729 2784 1887 2822 sexus
1921 2783 2183 2838 personas

205 2846 609 2903 necessitudine
630 2844 974 2917 junguntur;
1008 2846 1144 2901 adeo
1177 2846 1421 2919 quidem,
1463 2854 1522 2902 ut
1554 2864 1654 2901 nec
1695 2847 1836 2903 inter
1866 2855 2097 2902 matrem
2130 2856 2186 2901 et

207 2926 379 2983 filium
408 2925 643 2981 filiamve
672 2923 815 2979 ultro
845 2924 1092 2998 citroque
1123 2926 1445 2983 hereditatis
1474 2926 1755 3000 capiendae
1779 2927 1870 2998 jus
1891 2934 2181 3001 competat,

208 3014 583 3081 praeterquam
615 3004 663 3061 si
709 3022 810 3079 per
861 3004 918 3060 in
954 3020 1176 3061 manum
1225 3006 1641 3063 conventionem
1700 3006 2187 3079 consanguinitatis

203 3086 339 3159 jura
369 3084 514 3139 inter
546 3100 642 3139 eos
670 3083 1030 3141 constiterint.

292 3168 420 3223 05.
464 3162 569 3219 Sed
597 3162 684 3217 hae
707 3164 850 3235 juris
876 3164 1196 3237 iniquitates
1235 3166 1409 3223 edicto
1440 3166 1696 3224 Praetoris
1722 3166 2019 3222 emendatae
2042 3176 2185 3224 sunt.

219 3249 349 3303 20.
388 3242 522 3299 Nam
553 3242 764 3299 liberos
793 3242 1102 3316 omneS,qui
1133 3244 1379 3316 legitimo
1401 3245 1526 3316 jure
1558 3246 1903 3316 deficiuntur,
1931 3257 2085 3304 vocat
2124 3250 2191 3304 ad

215 3324 605 3391 hereditatem,
640 3322 867 3395 proinde
897 3340 959 3377 ac
999 3324 1042 3377 si
1078 3323 1131 3378 in
1156 3334 1425 3397 potestate
1454 3326 1699 3398 parentis
1726 3329 1909 3383 mortis
1950 3337 2191 3401 tempore

215 3406 474 3471 fuissent,
513 3404 624 3459 sive
657 3403 758 3458 soli
779 3403 905 3470 sint,
940 3404 1050 3458 sive
1079 3405 1243 3461 etiam
1270 3407 1355 3464 sui
1385 3404 1644 3474 here'deS,
1680 3408 1732 3463 id
1758 3416 1859 3479 est,
1888 3409 1979 3481 qui
2006 3410 2062 3461 in
2093 3424 2191 3479 po-

221 3490 424 3551 testate
457 3484 630 3555 patris
670 3483 912 3551 fuerunt,
943 3495 1288 3543 concurrant.
1364 3492 1492 3543 22.
1526 3488 1759 3559 Aquatos
1796 3498 1979 3545 autem
2014 3485 2192 3556 capite

224 3564 534 3625 deminutus
568 3580 676 3619 non
713 3564 950 3621 secundo
987 3566 1163 3638 gradu
1199 3577 1327 3641 post
1376 3586 1507 3627 suos
1547 3568 1779 3625 heredes
1809 3574 1981 3633 vocat,
2023 3564 2081 3618 id
2110 3571 2193 3618 est
