2548 4051
28 790 38 797 ι
29 762 34 769 -
28 714 32 723 ”
27 616 40 681 ε.··.“-
27 306 40 603 -ο-τ-·.-’.ι-ι-ιν-ν-·
28 226 36 289 -·’“

823 241 1305 291 COMMENTARIUS
1336 238 1579 290 PRIMUS.
2144 244 2203 294 17

215 373 349 411 rem
394 375 501 413 non
520 356 672 429 justo
711 366 989 414 contracto
1039 356 1389 414 matrimonio
1438 363 1689 415 senatum
1734 356 2069 413 intervenire
2088 402 2103 429 ,
2154 369 2207 416 et

217 438 524 492 emendare
544 438 734 493 vitium
752 438 1112 504 matrimonii,
1139 452 1316 509 eoque
1348 436 1509 491 modo
1529 436 1857 510 plerumque
1890 438 2126 509 efficere,
2146 450 2207 494 ut

218 517 280 571 in
304 526 633 589 potestatem
659 519 830 590 patris
853 518 1002 575 filius
1029 517 1343 590 redigatur.
1406 522 1535 572 SS.
1572 518 1674 571 Sed
1700 518 1745 573 si
1768 518 1970 573 ancilla
1992 536 2056 573 ex
2088 519 2205 575 cive

221 597 471 653 Romano
513 598 839 670 conceperit,
884 598 1077 653 deinde
1118 596 1453 665 manumissa
1485 594 1618 653 civis
1657 597 1902 654 Romana
1942 598 2083 653 facta
2113 599 2203 667 sit,

221 685 282 731 et
310 684 446 734 tunc
464 678 672 750 paria-t„
692 676 824 732 licet
852 677 990 733 civis
1022 678 1295 733 Romanus
1336 676 1408 731 sit
1438 676 1533 750 qui
1562 677 1833 745 nascitur,
1872 678 2011 733 sicut
2050 688 2207 751 pater

222 756 370 827 ejuS,
395 774 503 812 non
533 765 718 813 tamen
740 758 796 813 in
825 764 1096 830 potestate
1124 758 1298 830 patris
1327 764 1428 825 est,
1454 755 1586 830 quia
1605 774 1783 829 neque
1810 774 1873 811 ex
1892 757 2038 828 justo
2062 758 2207 814 coitu

220 846 526 910 conceptus
559 846 662 905 est,
695 855 874 910 neque
904 855 968 893 ex
1003 837 1112 894 ullo
1146 836 1625 939 senatusconsulto
1658 836 1788 892 talis
1836 837 2011 893 coitus
2051 838 2207 911 quasi

205 916 409 987 justus
440 917 809 974 constituitur
2195 955 2200 959 -

301 1002 430 1053 89.
460 998 616 1062 Quod
640 1009 822 1055 autem
852 999 1081 1071 placuit,
1112 998 1160 1053 si
1200 998 1399 1054 ancilla
1425 1014 1492 1052 ex
1516 998 1633 1053 cive
1668 995 1913 1054 Romano
1940 1015 2206 1071 concepe-

221 1077 326 1143 rit,
345 1076 533 1133 deinde
560 1078 902 1133 manumissa
922 1078 1226 1149 pepererit,
1253 1078 1347 1151 qui
1383 1078 1629 1134 nascitur
1644 1077 1886 1133 liberum
1910 1078 2083 1145 nasci,
2102 1094 2207 1134 ‘na-

223 1156 393 1211 turali
425 1158 637 1213 ratione
667 1158 762 1211 fit:
797 1174 921 1212 nam
942 1156 998 1210 hi
1031 1155 1128 1227 qui
1150 1156 1437 1229 illegitime
1454 1156 1864 1230 concipiuntur,
1890 1166 2096 1215 statum
2118 1175 2205 1213 su-

220 1244 384 1292 munt
410 1255 478 1293 ex
501 1255 566 1292 eo
590 1247 842 1309 tempore
858 1253 967 1310 quo
991 1243 1325 1305 nascuntur;
1357 1235 1540 1308 itaque
1558 1236 1605 1291 si
1623 1252 1687 1289 ex
1705 1238 1884 1293 libera
1905 1245 2206 1293 nascuntur

221 1316 393 1371 liberi
425 1317 592 1379 fiunt,
622 1335 718 1372 nec
757 1317 985 1372 interest
1014 1332 1080 1371 ex
1111 1333 1219 1389 quo
1249 1322 1424 1370 mater
1456 1332 1551 1369 eos
1582 1316 1917 1388 conceperit,
1951 1334 2075 1372 cum
2109 1334 2205 1372 an-

220 1396 364 1451 cilla
391 1396 582 1450 fuerit:
625 1404 679 1451 at
719 1396 772 1451 hi
815 1397 910 1469 qui
962 1394 1202 1467 legitime
1256 1395 1665 1467 concipiuntur,
1720 1411 1783 1449 ex
1834 1396 2206 1468 concept-ionis

217 1484 488 1548 tempore
508 1482 703 1531 statum
729 1482 969 1531 sumunt.
1020 1479 1153 1530 99.
1181 1474 1375 1547 Itaque
1393 1475 1439 1529 si
1462 1476 1553 1530 cui
1581 1474 1799 1529 mulieri
1820 1475 1927 1530 civi
1947 1475 2206 1532 Romanae

223 1556 496 1629 praegnati
520 1574 662 1629 aqua
693 1566 746 1613 et
771 1557 883 1629 igni
907 1556 1262 1612 interdictum
1285 1556 1475 1622 fuerit,
1510 1571 1686 1626 eoque
1721 1555 1884 1611 modo
1912 1557 2209 1629 peregrina

222 1637 372 1693 facta
400 1643 525 1691 tunc
554 1637 752 1726 pariat,
786 1637 1100 1708 complures
1137 1635 1483 1707 distinguunt
1507 1642 1561 1691 et
1589 1641 1802 1708 putant,
1840 1636 2110 1725 siquidem
2142 1654 2207 1691 ex

217 1716 390 1788 justis
433 1716 640 1789 nuptiis
681 1717 1012 1790 conceperit,
1035 1716 1211 1771 civem
1259 1716 1574 1771 Romanum
1598 1732 1663 1769 ex
1687 1732 1751 1771 ea
1787 1714 1960 1784 nasci,
1994 1716 2040 1770 si
2075 1732 2206 1772 vero

223 1795 394 1868 vulgo
426 1797 758 1886 conceperit,
786 1796 1139 1869 pelegrinum
1165 1813 1230 1850 ex
1251 1812 1316 1850 ea
1337 1797 1509 1851 nasci.
1541 1800 1673 1851 91.
1699 1795 1858 1861 Item,
1880 1795 1926 1851 si
1951 1812 2060 1868 qua
2087 1814 2204 1851 mu-

225 1877 336 1931 lier
364 1876 504 1931 civis
524 1877 768 1931 Romana
793 1892 1069 1950 piaegnaS,
1093 1892 1157 1929 ex
1185 1874 1659 1930 senatusconsulto
1683 1875 1979 1940 Claudiano
2006 1876 2207 1931 ancilla

225 1956 373 2011 facta
403 1956 494 2024 sit,
529 1956 598 2011 ob
625 1956 680 2010 id
711 1946 862 2030 quod
887 1956 1068 2011 alieno
1101 1972 1281 2023 servo,
1316 1954 1487 2011 invito
1519 1962 1572 2009 et
1601 1954 1951 2011 denuntiante
1986 1954 2203 2010 domino

228 2037 364 2109 ejus
378 2038 603 2105 coierit,
636 2038 942 2110 complures
990 2038 1343 2106 distinquunt
1386 2045 1439 2091 et
1472 2035 1804 2102 existimant,
1841 2034 2110 2106 siquidem
2142 2052 2206 2090 ex

225 2118 394 2190 justis
423 2118 634 2190 nuptiis
666 2121 965 2190 conceptus
996 2117 1086 2184 sit,
1113 2115 1284 2171 civem
1298 2115 1600 2170 Romanum
1620 2130 1685 2169 ex
1714 2130 1778 2168 ea
1805 2112 1980 2182 nasci,
2011 2113 2057 2170 si
2076 2131 2205 2172 vero

227 2196 396 2269 vulgo
434 2205 730 2270 conceptus
755 2198 846 2264 sit,
878 2211 1101 2253 servum
1129 2195 1279 2250 nasci
1322 2195 1441 2266 ejus
1482 2194 1635 2266 cujus
1672 2201 1850 2250 mater
1887 2194 2031 2250 facta
2062 2203 2206 2250 esset

229 2276 445 2332 ancilla
506 2282 636 2333 9².
659 2277 954 2348 Peregrina
969 2292 1207 2366 quoque,
1231 2275 1276 2330 si
1301 2275 1463 2348 vulgo
1496 2274 1824 2348 conceperit,
1855 2273 2051 2329 deinde
2074 2274 2205 2329 civis

229 2357 474 2414 Romana
498 2358 602 2429 fiat
638 2361 694 2415 et
731 2365 860 2413 tunc
899 2355 1094 2430 pariat,
1132 2357 1307 2412 civem
1348 2355 1648 2410 Romanum
1691 2355 1865 2428 parit3
1908 2355 2112 2414 sivero
2140 2371 2205 2408 ex

228 2437 539 2526 peregrino,
574 2437 873 2494 secundum
902 2436 1055 2508 leges
1083 2453 1369 2508 moresque
1394 2435 1832 2508 peregrinorum,
1867 2427 2201 2505 conceperit,

227 2517 308 2571 ita
337 2517 554 2577 videtur
584 2535 648 2572 ex
681 2517 1162 2575 senatusconsulto
1196 2515 1343 2605 quod
1384 2521 1607 2570 auctore
1638 2515 1763 2568 divo
1793 2512 2068 2567 Hadriano
2098 2514 2204 2566 fac-

226 2604 344 2651 tum
376 2605 478 2665 cst,
505 2597 676 2654 civem
693 2597 996 2654 Romanum
1027 2612 1243 2670 parere,
1280 2595 1327 2649 si
1351 2605 1407 2650 et
1436 2595 1578 2667 patri
1598 2592 1719 2664 ejus
1744 2591 1938 2646 civitas
1966 2591 2206 2646 Romana

229 2675 488 2732 donetur.

304 2759 434 2810 93.
465 2756 520 2812 Si
541 2757 874 2830 pelegiinus
897 2755 1004 2811 sibi
1032 2755 1332 2846 liberisque
1352 2753 1463 2809 suis
1490 2753 1766 2810 civitatem
1791 2752 2087 2807 Romanam
2103 2767 2203 2823 pe-

193 2891 198 2896 ,
227 2835 407 2903 tierit,
434 2853 543 2891 non
576 2836 737 2891 aliter
762 2837 863 2891 filii
895 2837 950 2890 in
973 2842 1242 2908 potestate
1284 2835 1403 2906 ejus
1436 2835 1593 2895 tiunt
1629 2849 1792 2905 quam
1820 2831 1867 2886 si
1905 2831 2204 2902 imperator

229 2931 326 2970 eos
344 2915 397 2969 in
422 2923 746 2988 potestatem
778 2915 1085 2988 redegerit:
1111 2915 1255 2989 quod
1282 2915 1359 2969 ita
1380 2914 1634 2969 demum
1620 2931 1669 2968 1s
1690 2913 1841 2978 facit,
1858 2912 1904 2966 si
1929 2927 2093 2965 causa
2116 2927 2201 2965 co-

227 2995 388 3065 gnita
417 2995 768 3052 aestimaverit
790 2995 893 3050 hoc
920 2995 1047 3050 filiis
1075 2994 1353 3068 expedire.
1370 2994 1701 3066 Diligentius
1727 2999 1910 3048 autem
1938 2991 2204 3046 exactius·

228 3088 338 3146 que
363 3088 583 3128 causam
607 3075 884 3146 cognoscit
911 3074 976 3130 de
1008 3074 1389 3148 impuberibus
1418 3073 1875 3146 absentibusque:
1903 3079 1957 3126 et
1990 3071 2105 3125 haec
2127 3069 2204 3126 ita

227 3151 409 3207 edicto
437 3151 546 3205 divi
576 3152 834 3207 Hadriani
857 3154 1256 3224 significantur.
1337 3157 1467 3209 94.
1503 3152 1639 3208 Item
1668 3154 1714 3207 si
1746 3153 1865 3223 quis
1888 3167 2008 3205 cum
2033 3168 2200 3206 uxore

230 3239 516 3305 praegnate
560 3231 778 3286 civitate
820 3232 1062 3286 Romana
1100 3234 1334 3286 donatus
1358 3233 1447 3295 sit,
1472 3232 1719 3302 quamvis
1751 3231 1795 3286 is
1832 3231 1927 3304 qui
1958 3233 2204 3289 nascitur

230 3319 486 3385 utsupra
514 3311 768 3380 diximus,
800 3311 939 3366 civis
985 3311 1259 3366 Romanus
1291 3309 1377 3380 sit,
1410 3318 1596 3366 tamen
1633 3313 1687 3367 in
1728 3319 1992 3385 potestate
2033 3313 2201 3386 patris

230 3409 341 3448 non
367 3393 453 3447 fit:
494 3391 661 3466 idque
703 3387 1114 3467 subscriptione
1154 3391 1270 3447 divi
1316 3391 1575 3448 Hadriani
1610 3393 1965 3465 significatur:
2002 3409 2110 3465 qua
2134 3391 2199 3444 de

233 3488 404 3527 causa
432 3472 526 3544 qui
559 3472 835 3544 intellegit
867 3489 1090 3528 uxorem
1121 3489 1277 3528 suam
1312 3490 1434 3529 esse
1462 3481 1828 3547 praegnatem,
1849 3473 1978 3528 dum
2007 3471 2199 3524 civita-

235 3562 344 3608 tem
385 3551 486 3608 sibi
538 3563 594 3609 et
633 3553 790 3608 uxori
845 3553 912 3608 ab
944 3553 1272 3626 imperatore
1325 3554 1484 3626 petits,
1528 3553 1688 3609 simul
1744 3552 1814 3607 ab
1869 3550 2059 3606 eodem
2106 3562 2196 3618 pe-
