2548 4051
918 180 1395 232 COMMENTARIUS
1429 180 1705 230 TERTIUS.
2238 177 2300 228 83

313 311 410 360 tor
434 307 624 358 noster
647 297 949 374 principem
977 299 1213 372 alicujus
1244 297 1522 372 peregrini
1549 295 1738 370 populi
1762 296 1829 351 de
1859 313 1993 370 pace
2019 297 2095 352 ita
2124 295 2295 352 inter-

313 393 510 457 roget:
545 396 715 438 PAcEM
744 395 991 436 FUTURAM
1023 381 1296 436 SPONDES‘?
1327 378 1413 434 vel
1439 379 1560 452 ipse
1592 378 1781 434 eodem
1812 379 1974 434 modo
2001 377 2299 450 interroge-

311 473 443 521 tur:
475 463 623 537 quod
653 461 878 517 nimium
904 460 1181 516 subtiliter
1208 460 1412 516 dictum
1444 468 1546 529 est,
1598 459 1727 532 quia
1760 459 1805 514 si
1850 459 1982 530 quid
2030 459 2291 514 adversus

309 545 625 619 pactionem
650 543 763 611 fiat,
794 559 904 596 non
929 559 995 596 ex
1025 541 1297 614 stipulatu
1328 541 1530 616 agitur,
1560 539 1656 595 sed
1681 540 1808 612 jure
1837 538 1970 594 belli
2000 556 2091 594 res
2113 537 2293 593 vindi-

313 634 492 682 catur.
583 627 717 680 95.
750 622 894 678 Illud
924 621 1160 677 dubitari
1183 629 1383 694 potest,
1418 621 1462 676 si
1485 621 1611 694 quis
1630 661 2288 678 ............................

827 750 936 809 [Hic
972 751 1112 798 deest
1139 750 1326 811 pagina
1358 748 1791 812 codicisintegra]

381 870 629 920 Dubitatio
651 883 708 932 eo
738 867 1039 930 pertinuisse
1069 867 1266 916 videtur
1280 868 1547 926 Huschkio,
1570 881 1632 915 an
1653 866 1805 916 etiam
1825 866 1920 915 alio
1941 866 2163 929 ejusdem
2194 866 2291 913 lin-

313 957 430 1006 guae
458 942 612 990 verbo
643 942 739 1001 (Fr.
764 938 858 1003 μζ
889 938 936 987 2.
977 939 1106 1002 Dig„
1137 939 1206 988 De
1235 939 1367 987 verb.
1410 939 1529 996 obl.,
1558 937 1639 996 45,
1676 937 1746 1002 1),
1776 938 1853 986 vel
1884 939 2061 986 eodem
2088 938 2290 986 alterius

310 1016 500 1077 linguae
523 1013 676 1062 verbo
703 1011 799 1074 (Fr.
829 1010 877 1069 1,
909 1009 933 1074 ἓ
964 1010 1008 1058 6.
1039 1009 1178 1070 cod.;
1205 1010 1491 1072 Theophil.,
1510 1007 1555 1066 3,
1574 1009 1651 1069 15,
1672 1009 1785 1075 31),
1811 1009 2124 1070 respondens
2153 1012 2289 1058 recte

311 1087 592 1148 obligetur„
625 1085 757 1144 quod
796 1082 1000 1144 placuit.
1044 1085 1160 1130 Post
1207 1095 1337 1142 quae,
1380 1081 1432 1128 in
1463 1081 1667 1143 pagina,
1699 1095 1810 1143 quae
1839 1081 1943 1143 legi
1977 1095 2076 1129 non
2110 1081 2285 1143 potuit,

307 1158 502 1206 dixisse
535 1154 680 1206 Gaius
710 1155 928 1216 videtur,
981 1155 1124 1215 plane
1147 1153 1467 1214 quibusdam
1494 1153 1546 1200 in
1581 1154 1748 1202 causis
1772 1153 1925 1202 etiam
1956 1153 2159 1202 omnino
2188 1167 2289 1200 non

306 1229 671 1291 interrogatum
713 1226 882 1276 verbis
921 1225 1156 1287 obligari,
1199 1239 1310 1286 quae
1348 1238 1511 1274 causae
1553 1239 1613 1273 ex
1650 1225 1889 1286 Epitome,
1916 1223 1964 1284 2,
1996 1225 2040 1274 9.
2074 1223 2125 1289 ἕξ
2154 1225 2202 1283 3,
2235 1223 2283 1272 4.

307 1300 548 1364 cognosci
579 1301 784 1361 possunt
816 1314 827 1346 z
860 1315 880 1342 «
914 1294 938 1361 ἕ
965 1295 1011 1344 3.
1047 1299 1171 1346 Sunt
1206 1301 1257 1344 et
1279 1298 1390 1346 aliae
1417 1297 1749 1360 obligationes
1770 1311 1901 1358 quae,
1928 1296 2064 1344 nulla
2093 1309 2286 1358 praece-

306 1374 521 1420 cedente
565 1370 959 1432 interrogatione
1009 1368 1234 1416 contrahi
1281 1371 1513 1430 possunt,
1559 1367 1609 1416 id
1642 1371 1736 1427 est,
1779 1373 1833 1416 ut
1860 1369 1902 1416 si
1943 1370 2146 1426 mulier,
2178 1368 2281 1430 sive

306 1457 492 1504 sponso
521 1457 648 1490 uxor
675 1443 856 1500 futura,
888 1441 988 1488 sive
1012 1441 1116 1502 jam
1150 1440 1331 1487 marito
1357 1441 1522 1488 dotem
1552 1439 1703 1488 dicat.
1739 1441 1876 1500 Quod
1909 1444 2009 1488 tam
2038 1443 2098 1488 de
2125 1441 2283 1489 mobi-

304 1517 436 1567 libus
466 1515 613 1562 rebus
651 1527 798 1575 quam
826 1513 886 1563 de
918 1513 1087 1560 fundis
1126 1511 1236 1560 fieri
1280 1514 1459 1573 potest.
1488 1515 1545 1560 Et
1576 1527 1677 1560 non
1700 1513 1863 1560 solum
1889 1512 1940 1560 in
1962 1515 2056 1560 hac
2084 1513 2280 1576 obliga-

302 1587 439 1634 tione
465 1585 573 1646 ipsa
599 1585 785 1639 mulier,
808 1584 1076 1645 obligatur,
1109 1585 1194 1631 sed
1225 1587 1272 1632 et
1290 1587 1437 1645 pater
1454 1584 1563 1647 ejus
1580 1588 1630 1632 et
1646 1585 1844 1633 debitor
1864 1585 2019 1645 ipsius
2038 1585 2277 1644 mulieriS,

307 1658 352 1704 si
379 1656 660 1718 pecuniam,
693 1669 837 1716 quam
867 1656 946 1703 -illi
976 1657 1211 1713 debebat,
1234 1670 1413 1718 sponso
1438 1655 1719 1705 crediti-icis
1751 1656 1854 1718 ipse
1885 1657 2083 1705 debitor
2102 1657 2153 1704 in
2184 1660 2277 1706 do-

305 1732 410 1777 tem
432 1729 633 1777 dixerit,
669 1730 758 1776 11ae
775 1731 967 1775 tantum
985 1730 1085 1776 tres
1097 1741 1345 1789 personae,
1364 1728 1499 1776 nulla
1515 1727 1844 1792 interrogatio
1854 1744 1913 1778 ne
1938 1732 2275 1791 praecedente,

304 1804 515 1862 possunt
564 1801 782 1849 dictione
823 1800 951 1848 dotis
989 1799 1217 1862 legitime
1251 1799 1649 1860 obligari-Alia}
1689 1815 1805 1848 vero
1838 1816 2082 1862 personae,
2111 1804 2153 1850 si
2184 1818 2276 1865 pro

303 1873 515 1920 muliere
545 1873 713 1931 dotem
742 1872 846 1920 viro
875 1871 1216 1932 promiserint,
1241 1871 1495 1918 communi
1514 1869 1627 1932 jure
1652 1872 1867 1933 obligari
1894 1875 2093 1934 debent,
2113 1876 2163 1923 id
2180 1880 2273 1934 est,

300 1947 358 1992 ut
396 1947 440 1992 et
485 1945 791 2007 interrogata
834 1944 1188 2004 respondeant,
1230 1946 1305 1990 et.
1328 1938 1561 2003 stipulata
1599 1943 1903 2004 promittant.
1936 1943 1960 2008 ζ
1989 1945 2037 1993 4.
2070 1946 2195 1994 Item
2225 1954 2275 1996 et

300 2015 399 2065 alio
449 2030 587 2079 casn,
617 2031 718 2064 uno
760 2015 1014 2077 loquente,
1045 2017 1092 2063 et
1116 2015 1224 2063 sine
1253 2014 1646 2077 interrogatione
1674 2014 1757 2063 alii
1778 2016 2113 2077 promittente,
2148 2035 2274 2069 con-

301 2088 511 2136 trahitur
540 2086 798 2149 obligati0‚
829 2087 879 2134 id
905 2089 996 2144 est,
1022 2088 1062 2135 si
1092 2086 1302 2134 libertus
1326 2089 1537 2147 patrono
1560 2089 1645 2135 aut
1670 2088 1853 2135 donum
1879 2091 1961 2137 aut
1985 2103 2162 2139 munus
2189 2096 2273 2142 aut

297 2173 476 2220 operas
515 2172 568 2207 se
609 2161 838 2208 daturum
871 2172 980 2207 esse
999 2158 1183 2221 juravit
1214 2174 1226 2206 ε
1257 2158 1310 2205 in
1336 2172 1432 2219 qua
1458 2172 1513 2207 re
1548 2159 1817 2220 supradicti
1847 2160 2013 2209 liberti
2047 2176 2145 2211 non
2172 2168 2271 2213 tam

297 2232 563 2279 verborum
608 2231 944 2291 solemnitate,
989 2244 1136 2291 quam
1163 2228 1495 2292 jurisjurandi
1537 2231 1778 2292 religione
1826 2231 2119 2283 retinentur.
2172 2230 2267 2285 Sed

293 2301 435 2349 nulla
464 2303 620 2349 altera
649 2314 858 2363 persona
886 2302 980 2348 hoc
1009 2301 1182 2348 ordine
1213 2300 1427 2362 obligari
1455 2304 1669 2363 potest.»
1697 2326 1761 2337 -
1785 2304 1858 2351 Ex
1882 2304 2073 2353 ultimis
2103 2307 2267 2357 verbis

197 2376 202 2380 '
292 2373 544 2435 conjicere
571 2373 704 2432 licet,
734 2374 908 2423 Gaium
941 2374 1067 2419 hanc
1111 2372 1501 2434 disputationem
1543 2374 1609 2421 ita
1652 2373 1758 2421 fere
1785 2375 2055 2425 absolvisse
2083 2393 2095 2425 :
2129 2396 2150 2423 α
2182 2380 2267 2429 His

289 2458 409 2491 vero
425 2445 596 2512 ‘causis
616 2445 856 2506 exceptis,
873 2448 1210 2506 praeterquam
1234 2457 1299 2491 ex
1318 2444 1709 2506 interrogatione
1734 2451 1785 2493 et
1807 2448 2134 2507 responsione
2158 2465 2269 2499 ver-

291 2516 468 2564 borum
499 2517 740 2578 obligatio
771 2530 869 2564 non
900 2515 1224 2573 contrahitur,
1265 2516 1391 2563 adeo
1422 2516 1627 2575 quidem
1654 2519 1707 2563 ut
1736 2518 1938 2577 quinon
1968 2520 2262 2581 interrogati

287 2590 656 2647 responderint,
703 2593 786 2636 aut
832 2587 1132 2649 interrogati
1173 2589 1369 2634 tantum
1406 2586 1691 2645 adnuerint,
1735 2601 1799 2636 ne
1828 2589 2027 2636 omnino
2058 2592 2259 2653 quiden]

291 2659 596 2723 obligentur.
627 2680 648 2703 »
685 2659 759 2721 Cf.
785 2660 856 2722 fr.
889 2660 935 2707 1.
971 2658 996 2724 ἓ
1025 2658 1092 2717 2.,
1125 2657 1260 2721 Diffi,
1291 2657 1362 2708 De
1391 2657 1519 2707 verb.
1553 2657 1651 2708 obl.
1683 2656 1763 2719 45,
1791 2659 1839 2709 1.

366 2790 474 2841 95
499 2798 541 2839 a.
561 2788 774 2841 Proetcr
801 2788 1120 2854 mulierem,
1155 2788 1334 2843 etiam
1351 2787 1523 2857 pater
1544 2785 1662 2855 ejits
1687 2786 1809 2843 doti
1835 2786 2021 2845 dicere
2042 2794 2260 2861 potest3

288 2865 389 2920 sed
416 2866 708 2937 obliyatur
729 2881 788 2920 eo
809 2866 999 2932 modo,
1026 2872 1078 2919 et
1105 2865 1326 2921 debitor
1348 2866 1486 2936 ejus,
1509 2865 1608 2921 sed
1633 2873 1688 2921 et
1705 2867 1915 2938 patris,
1936 2868 2259 2943 simpliciuS,

289 2944 421 2999 dum
444 2946 609 3001 modo
623 2947 798 3014 jnrssu
836 2947 954 3015 ejus
987 2944 1101 3000 doti
1123 2945 1287 3000 dicat.
1318 2946 1491 3003 Alius
1522 2962 1652 3003 vero
1677 2950 1891 3017 proeter
1938 2949 2041 3005 has
2066 2966 2259 3021 perso-

285 3040 397 3079 nas
429 3022 670 3096 obligari
687 3026 787 3081 hoc
821 3026 984 3081 modo
1012 3042 1119 3079 non
1139 3031 1335 3096 potest.
1368 3025 1438 3082 Et
1464 3025 1655 3082 ideo'si
1675 3027 1797 3099 quis
1828 3027 1970 3085 alius
1993 3046 2103 3101 pro
2134 3048 2257 3090 mu·

290 3106 432 3161 licre
479 3105 663 3159 dotem
704 3106 831 3159 viro
875 3106 1209 3175 promittat,
1255 3105 1530 3161 communi
1552 3107 1678 3177 jure
1722 3106 1970 3178 obligari
2013 3110 2255 3183 debebit,

289 3186 513 3241 scilicet
533 3187 600 3240 ut
616 3184 933 3255 promittat
959 3186 1370 3255 interroqatus.
1408 3191 1540 3241 96.
1567 3187 1710 3241 Item
1754 3203 1859 3242 uno
1889 3188 2169 3263 loquente,
2199 3199 2254 3251 et

286 3267 414 3321 sine
447 3266 908 3336 interroqatione
937 3266 1050 3320 alii
1073 3268 1471 3334 promittente,
1489 3267 1869 3325 contrahitur
1882 3270 2175 3345 obtiyatio,
2200 3276 2254 3331 si
2302 3331 2307 3336 ,

289 3346 528 3402 libertus
551 3350 804 3418 patrono
857 3347 963 3402 aut
1006 3346 1220 3401 donam
1263 3350 1371 3404 aut
1399 3363 1611 3404 munus
1642 3352 1748 3406 aut
1776 3366 1977 3423 operas
1999 3370 2056 3409 se
2085 3356 2253 3409 datu—

238 3426 246 3437 '
286 3441 420 3483 rum
467 3443 582 3483 esse
603 3427 852 3497 juravit.
892 3428 1000 3483 Sed
1041 3427 1145 3483 hoc
1176 3444 1314 3484 casu
1337 3444 1454 3486 non
1486 3433 1607 3487 tam
1634 3432 1873 3505 ambage
1902 3434 2022 3490 sola
2060 3434 2251 3489 verbo-

285 3522 419 3564 rum
449 3523 609 3580 quam
626 3508 998 3579 jurejurando
1035 3510 1415 3567 contrahitur
1439 3510 1698 3585 obligatio
1734 3530 1951 3585 :neque
1980 3512 2079 3567 alii
2103 3529 2247 3583 pro·-
