2548 4051
1470 264 1799 317 SECUNDUS.

1470 379 1592 434 dem
1649 397 1843 436 eorum
1883 379 2203 438 animalium
2255 381 2357 438 illo

1470 462 1646 518 ebatur
1676 461 1945 534 quasdam
1977 480 2067 518 res
2109 464 2355 536 mancipi

1470 541 1600 598 Item
1635 543 1749 599 fere
1794 544 1979 599 omnia
2007 561 2129 617 quae
2165 544 2358 600 incor-

1470 624 1672 696 xceptis
1712 625 2066 681 servitutibus
2103 625 2357 699 praedio·-

1499 722 1619 762 esse
1663 713 1903 774 constat,
1941 707 2191 779 quamvis
2241 706 2360 762 sint

1470 867 1609 922 inter
1629 868 1870 941 mancipi
1891 884 1982 924 res
2002 876 2059 923 et
2076 885 2174 923 nec
2197 885 2356 923 man·

1470 965 1497 1004 a
1531 949 1823 1004 traditione
1855 948 2016 1022 pleno
2055 950 2178 1021 jure
2210 948 2357 1004 alte-

1483 1030 1551 1085 ob
1582 1029 1635 1084 id
1672 1031 1941 1103 recipiunt
1969 1030 2353 1086 traditionem.

1470 1130 1477 1164 ι
1506 1111 1592 1166 vel
1611 1120 1896 1184 argentum
1916 1111 2212 1181 tradidem,
2237 1112 2357 1167 sive

1473 1191 1573 1258 niS‚
1595 1193 1708 1247 sive
1729 1193 1920 1266 quavis
1943 1192 2052 1248 alia
2071 1209 2133 1248 ex
2153 1209 2355 1259 causa,

1470 1290 1534 1328 us
1562 1272 1808 1328 dominu&
1842 1275 1961 1328 sim.
2014 1278 2139 1330 ²1.
2172 1274 2242 1329 In
2263 1290 2361 1328 ea-

1470 1352 1543 1420 ia,
1583 1370 1814 1426 quorum
1846 1354 1954 1408 alia
1997 1352 2362 1427 stipendiaria

1470 1434 1558 1488 ria
1600 1443 1727 1490 sunt
1749 1452 1812 1490 ea
1842 1451 1964 1507 quae
2003 1435 2058 1488 in
2098 1434 2186 1490 his
2223 1450 2359 1506 pro-

1489 1515 1712 1571 Romani
1754 1532 1876 1570 esse
1915 1513 2361 1586 intelleguntur;

1470 1594 1704 1652 ovinciis
1751 1603 1904 1663 sunt,
1949 1611 2069 1667 quae
2109 1594 2363 1668 propriae

1470 1775 1561 1831 per
1591 1757 2047 1831 mancipationem
2081 1756 2151 1812 ad
2181 1755 2363 1813 alium

1506 1856 1597 1894 res
1629 1847 1757 1895 sunt
1790 1833 1967 1894 dicfae.
2034 1841 2160 1895 728.
2195 1837 2364 1901 Quod

1471 1923 1524 1976 et
1555 1923 1609 1976 et
1645 1922 1859 1992 injure
1883 1920 2078 1976 cessio.
2113 1917 2179 1974 Et
2202 1935 2365 1973 man-

1474 2008 1548 2071 at,
1618 2000 1904 2076 superiore
1961 1999 2364 2057 commentario

1470 2099 1510 2136 τι
1540 2082 1645 2138 hoc
1675 2082 1840 2139 modo
1869 2082 1958 2138 fit:
1979 2082 2125 2154 apud
2146 2081 2367 2153 magis-

1470 2178 1608 2233 rem,
1632 2163 1678 2219 is
1708 2163 1796 2220 cui
1822 2180 1913 2219 res
1951 2164 2005 2218 in
2032 2163 2157 2235 jure
2189 2162 2360 2217 cedi·

1470 2259 1719 2301 ΗοΜιΝΕΜ
1733 2259 1871 2300 mma:
1897 2257 2178 2306 Qmm‘rmm
2197 2257 2369 2299 mmm

1470 2325 1758 2394 dicaverit,
1785 2328 2011 2383 Proetor
2042 2326 2370 2396 interrogat

1479 2423 1588 2478 quo
1606 2415 1838 2478 negante
1870 2414 1964 2461 aut
1983 2412 2192 2461 tacente
2222 2411 2370 2459 tune

1470 2487 1555 2557 :it3
1581 2486 1749 2561 idque
1778 2486 1917 2558 legis
1945 2486 2083 2542 actio
2109 2492 2362 2540 vocatur.

1470 2568 1575 2636 fiis,
1628 2569 1777 2642 apud
1821 2566 2086 2623 Praesides
2138 2582 2362 2621 earum.

1476 2666 1558 2717 er,
1580 2648 2075 2722 mancipationibus
2105 2646 2312 2702 utimur
2347 2666 2362 2702 :

1498 2730 1690 2785 amieis
1721 2747 1888 2803 agere
1917 2744 2226 2802 possumus,
2250 2727 2367 2782 hoc

1470 2818 1570 2865 tate
1591 2811 1736 2883 apud
1767 2811 2061 2867 Praetorem
2091 2819 2183 2864 aut
2206 2809 2373 2881 apud

1472 2892 1627 2947 uodsi
1649 2908 1826 2964 neque
1851 2891 2155 2963 mancipata
2175 2904 2370 2961 neque

1470 2975 1673 3029 autum
1710 2973 1956 3039 tradita,
1980 2972 2031 3026 si
2059 2968 2293 3042 quidem
2325 2985 2371 3027 a

1470 3053 1663 3109 aientis
1711 3068 1782 3108 em
1812 3054 1948 3123 jure
2007 3049 2370 3119 Quiritium,

1470 3135 1722 3204 marino,
1774 3148 1905 3189 cum
1945 3147 2053 3204 quo
2078 3130 2175 3199 jus
2204 3143 2373 3184 com-

1476 3230 1535 3271 eo
1565 3215 1825 3286 mancipi
1850 3229 1941 3269 res
1967 3211 2191 3269 tradita·
2218 3214 2375 3267 esset

1470 3298 1756 3362 unciatim
1775 3298 2042 3366 quamvis
2071 3307 2172 3349 nec
2191 3306 2375 3347 man—

1471 3393 1497 3432 e
1550 3378 1732 3450 fiunt,
1777 3376 2059 3447 quoniam
2103 3373 2378 3445 privatis

1470 3472 1663 3512 ncessa
1707 3460 1810 3513 est.
1845 3455 2232 3511 Verumtamen
2266 3454 2374 3525 (2),

1470 3555 1499 3591 n
1508 3578 1615 3593 .....
