2548 4051
281 247 345 297 40
844 245 1325 295 COMMENTARIUS
1364 242 1697 292 SECUNDUS.

282 362 391 419 lem
421 369 608 418 autem
640 360 948 415 libertatem
982 359 1232 432 recipere
1262 357 1496 427 videtur,
1539 373 1661 411 cum
1692 364 1785 411 aut
1827 358 2011 412 oculos
2050 365 2270 415 nostros

285 442 539 510 evaserit,
571 450 664 497 aut
693 441 820 495 licet
846 442 906 495 in
945 446 1238 512 conspectu
1276 438 1348 492 sit
1387 447 1591 503 nostro,
1630 435 1868 491 difficilis
1902 444 2086 492 tamen
2115 438 2172 493 in
2203 455 2265 493 re

284 522 402 594 ejus
460 520 772 594 persecutio
819 520 908 575 sit.
988 524 1122 575 68.
1165 520 1225 573 In
1274 518 1359 572 his
1410 526 1592 572 autem
1640 515 1990 584 animalibUS‚
2034 535 2155 589 quae
2200 536 2266 573 ex

281 600 679 657 consuetudine
711 600 864 656 abire
894 607 948 655 et
988 598 1171 654 redire
1200 599 1401 665 solent,
1445 596 1615 652 veluti
1660 596 1926 652 columbis
1958 604 2011 652 et
2042 598 2263 670 apibuS,

282 682 416 737 item
443 680 639 749 cervis,
673 680 767 754 qui
799 682 855 735 in
903 680 1068 734 silvas
1111 678 1193 733 ire
1228 690 1280 733 et
1323 678 1508 732 redire
1552 678 1751 743 solent,
1784 676 1950 731 talem
1998 677 2265 733 habemus

282 760 533 833 regulam
587 760 860 828 traditam,
914 766 974 815 ut
1022 758 1068 813 si
1101 757 1420 813 revertendi
1457 756 1696 811 animum
1735 756 1941 811 habere
1980 756 2261 825 desierint,

283 842 452 897 etiam
479 848 669 897 nostra
699 857 822 895 esse
857 838 1111 894 desinant
1132 844 1184 893 et
1207 838 1335 892 fiant
1376 836 1790 909 occupantium:
1824 838 2135 893 revertendi
2166 856 2263 894 au-

280 928 390 975 tem
421 921 661 975 animum
691 918 946 973 videntur
969 917 1233 973 desinere
1261 916 1493 984 habere,
1527 933 1650 970 cum
1684 917 1995 972 revertendi
2036 934 2260 973 consue-

280 1000 530 1055 tudinem
546 998 909 1055 deseruerint.
988 1002 1118 1053 69.
1150 996 1227 1051 Ea
1253 1013 1492 1069 quoque,
1524 1012 1646 1068 quae
1674 1012 1741 1049 ex
1764 994 2012 1053 hostibus
2036 999 2261 1071 capiun-

281 1087 389 1147 tur,
423 1079 662 1135 naturali
695 1077 905 1132 ratione
936 1084 1124 1132 nostra
1143 1077 1299 1132 fiunt.

359 1164 482 1215 ⁸2⁰.
531 1157 636 1213 Sed
676 1166 727 1213 et
758 1156 833 1226 id,
877 1156 1024 1230 quod
1056 1173 1156 1229 per
1184 1156 1515 1212 alluvionem
1562 1156 1716 1212 nobis
1762 1157 2035 1229 adjicitur,
2070 1156 2262 1215 eodem

182 1310 186 1317 ¹
272 1235 403 1306 jure
435 1246 686 1295 nostrum
716 1238 777 1291 fit
803 1257 838 1292 :-
859 1254 959 1310 per
991 1236 1317 1292 alluvionem
1348 1244 1530 1291 autem
1561 1236 1619 1291 id
1643 1236 1861 1290 videtur
1888 1238 2073 1309 adjici,
2113 1240 2263 1310 quod

281 1318 356 1373 ita
385 1318 649 1391 paulatim
671 1319 868 1373 flumen
904 1334 1038 1389 agro
1069 1322 1255 1371 nostro
1288 1313 1494 1387 adjicit,
1534 1324 1596 1370 ut
1634 1314 1900 1371 aestimare
1949 1334 2056 1372 non
2088 1320 2260 1391 possi-

280 1414 419 1467 muS,
439 1407 700 1472 quantum
721 1414 938 1469 quoquo
963 1404 1236 1451 momento
1260 1395 1528 1469 temporis
1541 1395 1831 1466 adjiciatur
1857 1414 1868 1449 ε
1889 1396 1993 1452 hoc
2009 1400 2261 1470 estquod

282 1477 448 1549 vulgo
479 1478 696 1545 dicitur,
714 1494 815 1550 per
867 1475 1194 1532 alluvionem
1226 1476 1283 1530 id
1312 1475 1471 1546 adjici
1500 1474 1672 1530 videri
1704 1475 1849 1547 quod
1884 1476 1958 1531 ita
1996 1477 2261 1549 paulatim

281 1558 550 1628 adjicitur,
571 1563 631 1611 ut
659 1556 843 1612 oculos
872 1562 1087 1612 nostros
1116 1556 1290 1611 fallat.
1377 1559 1415 1610 ’ἵ
1434 1560 1504 1610 1.
1528 1554 1715 1626 Itaque
1746 1554 1792 1608 si
1810 1555 2012 1610 flumen
2044 1565 2261 1629 partcm‘

280 1637 522 1710 aliquam
553 1655 618 1693 ex
648 1645 742 1692 tuo
775 1635 979 1709 praedio
1011 1634 1299 1692 resciderit
1344 1641 1401 1689 et
1427 1634 1494 1688 ad
1536 1650 1717 1688 meum
1757 1635 2023 1706 praedium
2058 1646 2255 1709 pertu-

280 1718 425 1784 lerit,
462 1717 579 1773 haec
610 1711 741 1789 pars
781 1724 874 1772 tua
896 1724 1098 1771 manet.
1185 1720 1308 1771 ve.
1342 1715 1410 1770 At
1439 1713 1485 1769 si
1516 1715 1571 1769 in
1610 1714 1789 1769 medio
1818 1715 2045 1771 flumine
2080 1716 2259 1773 insula

282 1805 406 1853 nata
458 1798 556 1865 sit,
598 1797 714 1853 haec
752 1814 942 1852 eorum
987 1796 1230 1851 omnium
1273 1796 1587 1851 communis
1632 1802 1716 1851 est
1766 1795 1858 1867 qui
1907 1796 1975 1850 ab
2024 1804 2257 1870 utraque

283 1885 434 1948 parte
458 1877 896 1951 fluminisprope
927 1876 1099 1950 ripam
1135 1876 1339 1949 praedia
1355 1876 1673 1948 possident3
1716 1874 1761 1929 si
1806 1892 1935 1931 vero
1968 1893 2078 1931 non
2111 1877 2256 1931 sitin

282 1956 464 2013 medio
489 1957 728 2025 flumine,
779 1958 848 2012 ad
892 1974 985 2012 eos
1025 1958 1263 2031 pertinet
1294 1956 1388 2028 qui
1418 1956 1485 2010 ab
1528 1972 1593 2010 ea
1637 1962 1790 2027 parte
1832 1972 1954 2028 quae
2002 1958 2256 2029 proxima

281 2046 384 2108 est,
411 2039 565 2110 juxta
599 2040 773 2111 ripam
803 2037 1010 2110 praedia
1039 2036 1262 2093 habent.
1349 2040 1472 2092 ΨΒ.
1494 2036 1767 2091 Praeterea
1795 2035 1852 2090 id
1884 2037 2029 2107 quod
2059 2037 2116 2091 in
2140 2037 2255 2093 solo

277 2127 462 2174 nostro
495 2120 564 2174 ab
592 2119 773 2190 aliquo
805 2119 1130 2173 aedificatum
1171 2127 1272 2186 est,
1314 2118 1572 2190 quamvis
1607 2114 1701 2170 ille
1734 2132 1833 2170 suo
1871 2115 2088 2170 nomine
2119 2117 2257 2171 aedi-

277 2198 538 2264 ficaverit,
571 2199 699 2270 jure
729 2199 965 2253 naturali
996 2206 1238 2254 nostrum
1270 2198 1351 2266 fit,
1405 2197 1535 2271 quia
1573 2195 1889 2268 superficies
1924 2195 2039 2252 solo
2079 2196 2247 2251 cedit.

357 2282 480 2333 24.
525 2276 801 2350 Multoque
829 2277 1008 2347 magis
1037 2278 1091 2331 id
1118 2277 1311 2332 accidit
1342 2285 1395 2332 et
1420 2278 1475 2333 in
1503 2276 1689 2350 planta
1722 2293 1888 2348 quam
1916 2274 2037 2349 quis
2055 2275 2112 2330 in
2132 2277 2251 2332 solo

278 2364 463 2412 nostro
516 2356 799 2428 posuerit,
837 2356 883 2411 si
931 2357 1089 2412 modo
1139 2355 1414 2412 radicibus
1470 2365 1673 2412 terram
1730 2355 2013 2428 complexa
2066 2355 2247 2411 fuerit.

356 2441 395 2492 ’ἵ
409 2440 481 2492 ὅ.
496 2436 649 2490 Idem
671 2435 938 2508 contingit
959 2435 1084 2491 etin
1106 2438 1393 2506 frumento
1412 2437 1556 2508 quod
1571 2436 1628 2490 in
1645 2435 1759 2491 solo
1777 2445 1963 2491 nostro
1981 2436 2049 2490 ab
2071 2436 2249 2508 aliquo

277 2524 452 2573 satum
479 2515 667 2572 fuerit.
750 2521 876 2574 ⁸23.
897 2517 1004 2572 Sed
1028 2516 1075 2571 si
1103 2516 1172 2572 ab
1194 2533 1257 2572 eo
1291 2525 1538 2589 petamus
1556 2515 1793 2572 fundum
1824 2515 1907 2570 vel
1932 2514 2246 2583 aedificium,

279 2605 332 2651 et
387 2597 668 2669 impensas
714 2597 769 2671 in
818 2596 1132 2666 aedificium,
1179 2596 1267 2652 vel
1305 2597 1362 2650 in
1391 2595 1697 2662 seminaria,
1724 2590 1807 2648 vel
1850 2593 1906 2647 in
1950 2601 2250 2648 sementem

275 2675 443 2731 factas
476 2676 527 2731 ei
556 2675 766 2731 solvere
798 2676 1059 2744 nolimuS,
1099 2676 1302 2749 poterit
1329 2691 1428 2730 nos
1459 2692 1559 2747 per
1582 2673 1956 2745 exceptionem
1983 2672 2093 2727 doli
2116 2674 2249 2729 mali

276 2755 572 2827 repellere,
595 2755 784 2826 utique
807 2755 853 2810 si
871 2755 1028 2810 bonae
1045 2756 1172 2812 fidei
1199 2771 1486 2828 possessor
1502 2753 1689 2808 fuerit.
1777 2757 1816 2808 θ
1835 2758 1874 2809 ⁸2
1891 2796 1903 2808 .
1927 2753 2135 2809 Eadem
2160 2772 2251 2810 ra-

277 2835 424 2892 tione
453 2835 746 2908 probatum
777 2841 876 2902 est,
909 2833 1052 2907 quod
1081 2835 1137 2888 in
1171 2833 1437 2891 chartulis
1470 2833 1583 2889 sive
1608 2834 1946 2890 membranis
1974 2833 2109 2890 meis
2136 2835 2249 2890 ali-

278 2917 400 2989 quis
441 2915 750 2988 scripserit,
798 2915 930 2971 licet
969 2914 1148 2970 aureis
1194 2914 1421 2984 litteriS‚
1469 2932 1651 2971 meum
1692 2932 1843 2984 esse,
1880 2915 2009 2987 quia
2047 2914 2247 2971 litterae

276 2995 540 3052 chartulis
570 2995 683 3051 sive
707 2995 1038 3051 membranis
1069 2996 1271 3052 cedunt
1298 3015 1310 3052 :
1344 2995 1528 3069 itaque
1546 2995 1591 3051 si
1622 3013 1723 3068 ego
1756 3013 1851 3050 eos
1878 2995 2051 3052 libros
2080 3012 2245 3052 easve

274 3077 623 3133 membranas
653 3085 837 3149 petam
865 3093 966 3131 nec
994 3075 1300 3151 impensam
1330 3076 1616 3150 scripturae
1648 3076 1877 3144 solvam,
1910 3093 2007 3150 per
2048 3092 2245 3148 excep-

275 3155 480 3210 tionem
510 3156 618 3212 doli
646 3157 773 3212 mali
806 3157 1129 3212 summoveri
1157 3166 1372 3230 potem.
1456 3161 1581 3212 ⁸28.
1618 3157 1726 3213 Sed
1754 3156 1799 3211 si
1823 3155 1878 3211 in
1907 3155 2095 3212 tabula
2122 3172 2245 3210 mea

235 3254 238 3256 ’
277 3233 476 3306 aliquis
504 3236 744 3308 pinxerit
786 3237 952 3293 veluti
991 3237 1307 3310 imaginem,
1338 3244 1525 3292 contra
1560 3237 1867 3310 probatur:
1904 3237 2077 3307 magis
2100 3234 2243 3289 enim

278 3313 475 3369 dicitur
513 3315 756 3370 tabulam
797 3317 1028 3386 picturae
1069 3318 1306 3385 cedere3
1344 3317 1498 3389 cujus
1539 3314 1872 3370 diversitatis
1911 3313 1999 3369 vix
2046 3315 2243 3368 idonea

277 3394 414 3450 ratio
445 3393 690 3450 redditur
714 3412 726 3446 t
761 3396 1243 3462 certe‚secuudum
1273 3397 1412 3450 banc
1442 3393 1707 3466 regulam,
1740 3392 1787 3448 si
1816 3410 1903 3448 me
1926 3392 2242 3466 possidente

276 3484 433 3548 petas
465 3474 753 3546 imaginem
786 3483 934 3530 tuam
960 3492 1099 3543 esse,
1134 3493 1233 3530 nec
1266 3474 1448 3531 solvas
1492 3474 1726 3547 pretium
1768 3472 1999 3542 tabulae,
2034 3473 2243 3547 poteris

276 3573 375 3627 per
403 3556 777 3629 exceptionem
808 3554 915 3611 doli
937 3555 1069 3611 mali
1095 3553 1460 3625 summoveri;
1491 3562 1547 3610 at
1593 3553 1638 3609 si
1670 3561 1731 3610 tu
1774 3553 2077 3626 possideaS,
2114 3570 2244 3610 con-

287 3911 466 4013 ι
