2548 4051
967 225 1434 276 COMMENTARIUS
1472 225 1801 274 SECUNDUS.

849 342 1254 413 cprodest,sive
1269 340 1406 405 hmo,
1432 341 1545 395 sive
1563 335 1677 408 ille,
1691 339 1785 411 qui
1800 338 2093 411 adoptatus
2108 345 2211 406 est,
2232 336 2284 390 in
2304 352 2360 390 eo

858 422 1139 476 institutus
1161 421 1507 476 institutave:
1542 438 1666 475 nam
1699 420 1766 475 de
1797 418 2219 478 exheredatione
2248 417 2361 488 ejus

849 501 1062 558 videtur
1109 517 1384 573 quaerere,
1427 518 1551 556 cum
1598 500 1904 558 testamenti
1951 498 2179 556 faciendi
2229 505 2359 554 tem·

849 581 1068 636 eredum
1090 596 1319 636 numero
1348 597 1455 634 non
1484 582 1670 636 fuerit.
1729 585 1909 639 141.
1940 579 2105 635 Filius
2126 594 2358 651 quoque,

849 661 1123 717 ecundave
1148 660 1542 734 mancipatione
1571 659 1991 728 manumittitur,
2026 659 2155 731 quia
2183 673 2359 717 rever·

849 751 964 797 ‚tem
999 740 1254 813 patriam,
1288 741 1496 811 rumpit
1526 748 1656 795 ante
1687 741 1888 798 factum
1940 745 2356 801 testamentum

849 821 905 875 in
935 837 999 876 eo
1035 827 1368 878 testamento
1399 820 1559 876 heres
1616 819 1903 876 institutus
1933 820 2020 874 vel
2057 818 2354 877 exhereda-

850 999 882 1038 e
922 982 1014 1054 jus
1060 981 1189 1036 olim
1227 981 1327 1037 fuit
1384 981 1439 1036 in
1491 981 1611 1052 ejus
1653 997 1893 1054 persona
1936 982 2097 1052 cujus
2143 980 2356 1041 nomine

849 1062 980 1122 tulto
1018 1061 1225 1118 erroris
1281 1078 1449 1119 causa
1494 1062 1788 1133 probatur,
1830 1062 1957 1135 quia
1999 1061 2139 1117 forte
2170 1078 2240 1118 ex
2268 1077 2356 1133 pe-

849 1143 965 1210 ina,
996 1159 1118 1216 quas
1150 1158 1252 1214 per
1279 1158 1525 1197 errorem
1567 1142 1725 1214 quasi
1758 1142 1892 1197 civis
1943 1144 2181 1197 Romana
2231 1157 2357 1200 uxor

849 1230 945 1277 itus
975 1230 1149 1277 esset:
1188 1237 1312 1275 nam
1364 1221 1479 1276 sive
1510 1221 1671 1275 heres
1705 1221 1993 1279 institutus
2023 1230 2167 1277 esset
2209 1239 2243 1277 a
2272 1238 2355 1294 pa-

849 1302 1112 1368 eredatuS‚
1145 1301 1255 1355 sive
1290 1300 1411 1355 vivo
1438 1308 1593 1372 patre
1617 1318 1785 1356 causa
1815 1302 2052 1373 probata
2080 1301 2193 1356 sive
2240 1311 2356 1375 post

849 1382 965 1436 »mni
997 1380 1155 1435 modo
1185 1381 1340 1452 quasi
1373 1380 1669 1453 agnatione
1718 1382 2012 1455 rumpebat
2052 1388 2355 1437 testamen-

849 1480 894 1516 ιο
916 1478 1042 1517 vero
1081 1477 1145 1515 ex
1161 1478 1298 1515 novo
1315 1462 1784 1517 senatusconsulto
1820 1462 1964 1533 quod
1991 1471 2217 1516 auctore
2241 1462 2353 1518 divo

849 1559 899 1596 m
930 1550 1029 1608 est,
1060 1540 1331 1611 siquidem
1362 1539 1483 1595 vivo
1512 1549 1665 1614 patre
1696 1558 1861 1596 causa
1886 1542 2172 1613 probatur,
2198 1558 2353 1614 aeque

849 1621 966 1675 nodo
1004 1620 1214 1692 rumpit
1244 1628 1664 1689 testamentum3
1712 1622 1757 1677 si
1795 1639 1924 1676 vero
1956 1627 2079 1693 post
2117 1631 2353 1678 mortem

849 1710 924 1755 tus
959 1701 1185 1772 quidem
1217 1702 1426 1774 rumpit
1471 1708 1891 1771 testamentum,
1944 1702 1991 1757 si
2027 1720 2154 1758 vero
2194 1702 2359 1757 heres

849 1790 919 1836 est
953 1782 1037 1836 vel
1070 1782 1458 1849 exheredatuS,
1490 1799 1598 1837 non
1620 1782 1825 1855 rumpit
1857 1790 2266 1850 testamentum,
2292 1800 2357 1838 ne

849 1879 916 1917 ¹er
956 1858 1097 1917 facta
1134 1868 1467 1918 testamenta
1507 1862 1971 1931 rescinderentur,
2004 1880 2070 1919 eo
2105 1871 2356 1935 tempore

849 1959 905 1998 m
934 1950 1172 2014 possent.
1221 1948 1401 1998 144.
1427 1943 1741 1998 posteriore
1774 1960 1989 2016 quoque
2019 1951 2354 1999 testamento

849 2041 917 2080 tm
951 2031 1050 2089 est,
1083 2023 1335 2096 superius
1383 2024 1685 2097 rumpitur;
1720 2042 1819 2080 nec
1854 2024 2110 2084 interest÷
2160 2040 2232 2078 an
2267 2042 2357 2079 ex-

849 2121 886 2157 ·x
930 2120 994 2158 eo
1031 2104 1214 2172 hereS,
1250 2097 1336 2159 an'
1364 2123 1469 2159 non
1510 2105 1779 2161 extiterit:
1829 2105 1935 2159 hoc
1982 2103 2127 2157 enim
2172 2105 2355 2161 solum

849 2182 1077 2240 existere
1116 2185 1377 2256 potuerit.
1410 2184 1646 2258 Ideoque
1688 2185 1734 2239 si
1773 2184 1893 2257 quis
1931 2201 1995 2238 ex
2036 2183 2353 2256 posteriore

851 2259 885 2315 d
917 2261 1042 2331 jure
1071 2261 1272 2316 factum
1314 2272 1418 2330 est,
1470 2273 1564 2320 aut
1601 2265 1835 2320 noluerit
1864 2265 2024 2319 heres
2074 2279 2216 2329 esse,
2258 2272 2355 2319 aut

849 2347 934 2395 aut
963 2348 1082 2412 post
1107 2352 1338 2397 mortem
1365 2345 1821 2416 ejus,antequam
1843 2344 2210 2400 hereditatem
2243 2343 2356 2400 adi-

877 2429 970 2476 aut
1013 2438 1110 2493 per
1148 2423 1449 2478 cretionem
1496 2425 1747 2480 exclusus
1787 2425 1977 2493 fuerit,
2019 2433 2112 2478 aut
2161 2423 2352 2478 condi-

849 2519 987 2556 teres
1016 2501 1306 2559 institutus
1338 2512 1422 2559 est
1462 2504 1703 2560 defectus
1737 2507 1823 2574 sit,
1858 2501 1951 2560 aut
1983 2510 2204 2578 propter
2240 2521 2350 2559 οω-

849 2603 856 2635 ι
899 2583 1044 2638 Julia
1081 2594 1383 2640 summotus
1422 2585 1591 2639 fuerit
1638 2585 1707 2639 ab
1760 2585 2095 2652 hereditate3
2142 2583 2351 2654 quibus

849 2663 1057 2718 'amilius
1111 2664 1406 2719 intestatus
1435 2666 1696 2719 moritur:
1731 2682 1854 2719 nam
1893 2672 1950 2719 et
1988 2665 2140 2736 prius
2182 2671 2349 2720 testa-

851 2742 948 2809 let‚
994 2750 1211 2815 ruptum
1243 2762 1274 2798 a
1299 2745 1630 2815 posteriore,
1662 2753 1715 2799 et
1745 2744 2021 2818 posterius
2050 2760 2204 2816 aeque
2227 2743 2352 2799 nul-

865 2839 987 2876 cum
1010 2839 1072 2876 ex
1107 2839 1170 2878 eo
1199 2840 1356 2878 nemo
1389 2824 1549 2880 heres
1579 2826 1835 2880 extiterit.
2153 2877 2158 2883 .

849 2918 1032 2975 Quoque
1065 2903 1223 2958 modo
1267 2912 1601 2960 testamenta
1635 2906 1761 2977 jure
1792 2905 1933 2960 facta
1965 2905 2344 2974 infirmantur,

849 2982 919 3054 [ui
953 2983 1142 3039 fecerit
1190 2992 1596 3053 testamentum,
1650 2986 1828 3057 capite
1887 2985 2207 3039 deminutus
2242 2987 2343 3040 sit:

849 3063 980 3118 nodis
1024 3065 1255 3132 accidat,
1311 3066 1486 3138 primo
1528 3063 1917 3121 commentario
1957 3064 2196 3120 relatum
2238 3074 2342 3121 est.

849 3152 952 3200 tem
997 3161 1123 3200 casu
1171 3145 1333 3200 inrita
1386 3146 1502 3201 fleri
1538 3152 1863 3202 testamenta
1902 3144 2170 3211 dicemm,
2214 3162 2345 3201 curn

849 3244 856 3278 e
887 3234 1246 3298 rumpuntur,
1280 3226 1443 3285 inrita
1476 3227 1627 3293 fiant,
1660 3230 1712 3281 et
1743 3241 1864 3296 quse
1884 3224 2085 3280 statim
2111 3224 2181 3277 ab
2218 3227 2346 3281 ini-

849 3310 970 3371 ιιηι,
1008 3307 1194 3361 inrita
1220 3308 1368 3366 sint:
1396 3308 1493 3361 sed
1518 3312 1568 3361 et
1603 3323 1668 3361 ea.
1697 3322 1818 3375 quw
1843 3304 1982 3372 jure
2010 3305 2171 3372 facta
2201 3311 2344 3363 sunt

849 3378 924 3437 tei*
952 3387 1159 3453 capitis
1191 3387 1639 3440 deminutionem
1673 3378 1856 3440 inrita
1894 3385 2062 3456 fiunt,
2096 3396 2343 3456 possunt

849 3469 961 3531 ipta
990 3464 1116 3516 dici.
1149 3464 1252 3518 Sed
1287 3467 1417 3536 quia
1450 3481 1581 3518 sane
1607 3464 1951 3518 commodius
1989 3472 2108 3519 erat
2138 3467 2332 3537 singu·

849 3539 946 3594 ulis
976 3542 1441 3611 appellationibus
1472 3544 1760 3615 distingui,
1785 3545 1909 3599 ideo
1940 3546 2188 3615 quaedam
2226 3563 2337 3601 non
