<?xml version="1.0" encoding="UTF-8"?>
<!DOCTYPE html PUBLIC "-//W3C//DTD XHTML 1.0 Transitional//EN"
    "http://www.w3.org/TR/xhtml1/DTD/xhtml1-transitional.dtd">
<html xmlns="http://www.w3.org/1999/xhtml" xml:lang="en" lang="en">
 <head>
  <title>
</title>
<meta http-equiv="Content-Type" content="text/html;charset=utf-8" />
  <meta name='ocr-system' content='tesseract 3.04.00' />
  <meta name='ocr-capabilities' content='ocr_page ocr_carea ocr_par ocr_line ocrx_word'/>
</head>
<body>
  <div class='ocr_page' id='page_1' title='image "./gaiiinstitution00giragoog_0022.png"; bbox 0 0 2548 4051; ppageno 0'>
   <div class='ocr_carea' id='block_1_1' title="bbox 1097 190 1674 240">
    <p class='ocr_par' dir='ltr' id='par_1_1' title="bbox 1097 190 1674 240">
     <span class='ocr_line' id='line_1_1' title="bbox 1097 190 1674 240; baseline 0.002 -3"><span class='ocrx_word' id='word_1_1' title='bbox 1097 191 1389 239; x_wconf 78' lang='lat' dir='ltr'><strong>ENTARIUS</strong></span> <span class='ocrx_word' id='word_1_2' title='bbox 1429 190 1674 240; x_wconf 73' lang='lat' dir='ltr'><strong>PRIMUS.</strong></span> 
     </span>
    </p>
   </div>
   <div class='ocr_carea' id='block_1_2' title="bbox 1097 304 2317 2136">
    <p class='ocr_par' dir='ltr' id='par_1_2' title="bbox 1097 304 2302 858">
     <span class='ocr_line' id='line_1_2' title="bbox 1097 304 2297 361; baseline 0.002 -4"><span class='ocrx_word' id='word_1_3' title='bbox 1097 304 1441 359; x_wconf 75' lang='lat' dir='ltr'>interdicitur</span> <span class='ocrx_word' id='word_1_4' title='bbox 1473 305 1742 359; x_wconf 81' lang='lat' dir='ltr'>honorum</span> <span class='ocrx_word' id='word_1_5' title='bbox 1778 323 2001 361; x_wconf 87' lang='lat' dir='ltr'>suorum</span> <span class='ocrx_word' id='word_1_6' title='bbox 2041 305 2297 360; x_wconf 80' lang='lat' dir='ltr'>adminis-</span> 
     </span>
     <span class='ocr_line' id='line_1_3' title="bbox 1097 385 2298 458; baseline 0.001 -21"><span class='ocrx_word' id='word_1_7' title='bbox 1097 401 1112 437; x_wconf 86' lang='lat'>1</span> <span class='ocrx_word' id='word_1_8' title='bbox 1138 386 1288 456; x_wconf 82' lang='lat' dir='ltr'>apud</span> <span class='ocrx_word' id='word_1_9' title='bbox 1314 386 1460 440; x_wconf 84' lang='lat' dir='ltr'>cives</span> <span class='ocrx_word' id='word_1_10' title='bbox 1494 386 1767 440; x_wconf 81' lang='lat' dir='ltr'>Romanos</span> <span class='ocrx_word' id='word_1_11' title='bbox 1800 385 1999 458; x_wconf 81' lang='lat' dir='ltr'>duplex</span> <span class='ocrx_word' id='word_1_12' title='bbox 2032 385 2100 439; x_wconf 89' lang='lat' dir='ltr'>sit</span> <span class='ocrx_word' id='word_1_13' title='bbox 2130 386 2298 439; x_wconf 84' lang='lat' dir='ltr'>domi-</span> 
     </span>
     <span class='ocr_line' id='line_1_4' title="bbox 1115 464 2300 538; baseline 0.001 -19"><span class='ocrx_word' id='word_1_14' title='bbox 1115 464 1194 519; x_wconf 84' lang='lat' dir='ltr'>ve}</span> <span class='ocrx_word' id='word_1_15' title='bbox 1228 481 1293 518; x_wconf 86' lang='lat' dir='ltr'>ex</span> <span class='ocrx_word' id='word_1_16' title='bbox 1316 464 1443 535; x_wconf 87' lang='lat' dir='ltr'>jure</span> <span class='ocrx_word' id='word_1_17' title='bbox 1474 464 1792 533; x_wconf 87' lang='lat' dir='ltr'>Quiritium,</span> <span class='ocrx_word' id='word_1_18' title='bbox 1826 466 1912 520; x_wconf 85' lang='lat' dir='ltr'>vel</span> <span class='ocrx_word' id='word_1_19' title='bbox 1953 483 2018 521; x_wconf 84' lang='lat' dir='ltr'>ex</span> <span class='ocrx_word' id='word_1_20' title='bbox 2063 475 2300 538; x_wconf 83' lang='lat' dir='ltr'>utroque</span> 
     </span>
     <span class='ocr_line' id='line_1_5' title="bbox 1101 544 2301 618; baseline 0.003 -21"><span class='ocrx_word' id='word_1_21' title='bbox 1101 561 1130 598; x_wconf 90' lang='lat' dir='ltr'>e</span> <span class='ocrx_word' id='word_1_22' title='bbox 1173 544 1566 618; x_wconf 83' lang='lat' dir='ltr'>intellegitur),</span> <span class='ocrx_word' id='word_1_23' title='bbox 1615 546 1689 601; x_wconf 81' lang='lat' dir='ltr'>ita</span> <span class='ocrx_word' id='word_1_24' title='bbox 1720 545 1936 601; x_wconf 89' lang='lat' dir='ltr'>demum</span> <span class='ocrx_word' id='word_1_25' title='bbox 1968 562 2188 601; x_wconf 87' lang='lat' dir='ltr'>servum</span> <span class='ocrx_word' id='word_1_26' title='bbox 2243 546 2301 600; x_wconf 93' lang='lat' dir='ltr'>in</span> 
     </span>
     <span class='ocr_line' id='line_1_6' title="bbox 1097 625 2302 696; baseline 0.001 -18"><span class='ocrx_word' id='word_1_27' title='bbox 1097 641 1289 691; x_wconf 82' lang='lat' dir='ltr'>:emuS,</span> <span class='ocrx_word' id='word_1_28' title='bbox 1323 625 1368 678; x_wconf 92' lang='lat' dir='ltr'>si</span> <span class='ocrx_word' id='word_1_29' title='bbox 1400 625 1456 679; x_wconf 92' lang='lat' dir='ltr'>in</span> <span class='ocrx_word' id='word_1_30' title='bbox 1489 625 1649 680; x_wconf 87' lang='lat' dir='ltr'>bonis</span> <span class='ocrx_word' id='word_1_31' title='bbox 1692 627 1815 696; x_wconf 87' lang='lat' dir='ltr'>ejus</span> <span class='ocrx_word' id='word_1_32' title='bbox 1846 627 1935 692; x_wconf 89' lang='lat' dir='ltr'>sit,</span> <span class='ocrx_word' id='word_1_33' title='bbox 1970 625 2181 682; x_wconf 82' lang='lat' dir='ltr'>etiamsi</span> <span class='ocrx_word' id='word_1_34' title='bbox 2220 625 2302 679; x_wconf 89' lang='lat' dir='ltr'>si-</span> 
     </span>
     <span class='ocr_line' id='line_1_7' title="bbox 1097 705 2299 777; baseline 0.001 -19"><span class='ocrx_word' id='word_1_35' title='bbox 1097 705 1280 759; x_wconf 68' lang='lat' dir='ltr'>isdem</span> <span class='ocrx_word' id='word_1_36' title='bbox 1308 722 1413 760; x_wconf 88' lang='lat' dir='ltr'>non</span> <span class='ocrx_word' id='word_1_37' title='bbox 1444 705 1541 759; x_wconf 88' lang='lat' dir='ltr'>sit:</span> <span class='ocrx_word' id='word_1_38' title='bbox 1566 723 1687 760; x_wconf 84' lang='lat' dir='ltr'>nam</span> <span class='ocrx_word' id='word_1_39' title='bbox 1716 707 1809 777; x_wconf 92' lang='lat' dir='ltr'>qui</span> <span class='ocrx_word' id='word_1_40' title='bbox 1826 706 2031 761; x_wconf 89' lang='lat' dir='ltr'>nudum</span> <span class='ocrx_word' id='word_1_41' title='bbox 2055 706 2144 777; x_wconf 91' lang='lat' dir='ltr'>jus</span> <span class='ocrx_word' id='word_1_42' title='bbox 2168 705 2299 769; x_wconf 82' lang='lat' dir='ltr'>Qui-</span> 
     </span>
     <span class='ocr_line' id='line_1_8' title="bbox 1099 785 2179 858; baseline 0.002 -19"><span class='ocrx_word' id='word_1_43' title='bbox 1099 791 1420 857; x_wconf 84' lang='lat' dir='ltr'>potestatem</span> <span class='ocrx_word' id='word_1_44' title='bbox 1448 785 1655 840; x_wconf 86' lang='lat' dir='ltr'>hahere</span> <span class='ocrx_word' id='word_1_45' title='bbox 1675 803 1782 841; x_wconf 91' lang='lat' dir='ltr'>non</span> <span class='ocrx_word' id='word_1_46' title='bbox 1816 786 2179 858; x_wconf 81' lang='lat' dir='ltr'>intellegitur.</span> 
     </span>
    </p>

    <p class='ocr_par' dir='ltr' id='par_1_3' title="bbox 1097 865 2317 2136">
     <span class='ocr_line' id='line_1_9' title="bbox 1123 865 2301 938; baseline 0.001 -19"><span class='ocrx_word' id='word_1_47' title='bbox 1123 873 1313 920; x_wconf 83' lang='lat' dir='ltr'>nostra</span> <span class='ocrx_word' id='word_1_48' title='bbox 1352 874 1481 920; x_wconf 88' lang='lat' dir='ltr'>sunt</span> <span class='ocrx_word' id='word_1_49' title='bbox 1510 865 1673 920; x_wconf 86' lang='lat' dir='ltr'>liberi</span> <span class='ocrx_word' id='word_1_50' title='bbox 1719 866 1919 933; x_wconf 85' lang='lat' dir='ltr'><strong>nostri,</strong></span> <span class='ocrx_word' id='word_1_51' title='bbox 1954 882 2090 938; x_wconf 90' lang='lat' dir='ltr'>quos</span> <span class='ocrx_word' id='word_1_52' title='bbox 2126 865 2301 936; x_wconf 86' lang='lat' dir='ltr'>justis</span> 
     </span>
     <span class='ocr_line' id='line_1_10' title="bbox 1097 945 2317 1018; baseline 0 -19"><span class='ocrx_word' id='word_1_53' title='bbox 1097 945 1194 1000; x_wconf 85' lang='lat' dir='ltr'>uod</span> <span class='ocrx_word' id='word_1_54' title='bbox 1238 945 1335 1015; x_wconf 83' lang='lat' dir='ltr'>jus</span> <span class='ocrx_word' id='word_1_55' title='bbox 1370 945 1657 1018; x_wconf 87' lang='lat' dir='ltr'>proprium</span> <span class='ocrx_word' id='word_1_56' title='bbox 1690 946 1889 1000; x_wconf 82' lang='lat' dir='ltr'>civium</span> <span class='ocrx_word' id='word_1_57' title='bbox 1932 947 2317 1001; x_wconf 82' lang='lat' dir='ltr'>Romanorum</span> 
     </span>
     <span class='ocr_line' id='line_1_11' title="bbox 1119 1024 2304 1097; baseline 0.002 -18"><span class='ocrx_word' id='word_1_58' title='bbox 1119 1034 1242 1080; x_wconf 84' lang='lat' dir='ltr'>sunt</span> <span class='ocrx_word' id='word_1_59' title='bbox 1276 1024 1524 1079; x_wconf 91' lang='lat' dir='ltr'>homines</span> <span class='ocrx_word' id='word_1_60' title='bbox 1573 1026 1669 1097; x_wconf 81' lang='lat' dir='ltr'>qui</span> <span class='ocrx_word' id='word_1_61' title='bbox 1718 1024 1884 1081; x_wconf 86' lang='lat' dir='ltr'>talem</span> <span class='ocrx_word' id='word_1_62' title='bbox 1916 1026 1970 1080; x_wconf 89' lang='lat' dir='ltr'>iu</span> <span class='ocrx_word' id='word_1_63' title='bbox 2009 1025 2144 1081; x_wconf 85' lang='lat' dir='ltr'>filios</span> <span class='ocrx_word' id='word_1_64' title='bbox 2174 1041 2304 1081; x_wconf 89' lang='lat' dir='ltr'>suos</span> 
     </span>
     <span class='ocr_line' id='line_1_12' title="bbox 1097 1104 2305 1179; baseline -0.001 -19"><span class='ocrx_word' id='word_1_65' title='bbox 1097 1122 1158 1160; x_wconf 64' lang='lat' dir='ltr'>em</span> <span class='ocrx_word' id='word_1_66' title='bbox 1201 1122 1300 1160; x_wconf 91' lang='lat' dir='ltr'>nos</span> <span class='ocrx_word' id='word_1_67' title='bbox 1338 1104 1620 1160; x_wconf 78' lang='lat' dir='ltr'>habemUS.</span> <span class='ocrx_word' id='word_1_68' title='bbox 1665 1106 1836 1179; x_wconf 89' lang='lat' dir='ltr'>quue</span> <span class='ocrx_word' id='word_1_69' title='bbox 1876 1106 1986 1162; x_wconf 85' lang='lat' dir='ltr'>divi</span> <span class='ocrx_word' id='word_1_70' title='bbox 2042 1105 2305 1163; x_wconf 79' lang='lat' dir='ltr'>Hadriani</span> 
     </span>
     <span class='ocr_line' id='line_1_13' title="bbox 1098 1183 2303 1257; baseline 0 -19"><span class='ocrx_word' id='word_1_71' title='bbox 1098 1184 1163 1238; x_wconf 86' lang='lat' dir='ltr'>de</span> <span class='ocrx_word' id='word_1_72' title='bbox 1194 1183 1278 1238; x_wconf 88' lang='lat' dir='ltr'>his</span> <span class='ocrx_word' id='word_1_73' title='bbox 1328 1184 1421 1255; x_wconf 91' lang='lat' dir='ltr'>qui</span> <span class='ocrx_word' id='word_1_74' title='bbox 1465 1184 1571 1239; x_wconf 89' lang='lat' dir='ltr'>sibi</span> <span class='ocrx_word' id='word_1_75' title='bbox 1610 1185 1913 1257; x_wconf 87' lang='lat' dir='ltr'>liberisque</span> <span class='ocrx_word' id='word_1_76' title='bbox 1952 1186 2068 1240; x_wconf 90' lang='lat' dir='ltr'>suis</span> <span class='ocrx_word' id='word_1_77' title='bbox 2123 1185 2191 1239; x_wconf 87' lang='lat' dir='ltr'>ab</span> <span class='ocrx_word' id='word_1_78' title='bbox 2235 1200 2303 1239; x_wconf 85' lang='lat' dir='ltr'>eo</span> 
     </span>
     <span class='ocr_line' id='line_1_14' title="bbox 1097 1263 2304 1337; baseline 0 -20"><span class='ocrx_word' id='word_1_79' title='bbox 1097 1264 1297 1328; x_wconf 84' lang='lat' dir='ltr'>ebant,</span> <span class='ocrx_word' id='word_1_80' title='bbox 1351 1263 1720 1334; x_wconf 80' lang='lat' dir='ltr'>significatur.</span> <span class='ocrx_word' id='word_1_81' title='bbox 1783 1265 1889 1320; x_wconf 87' lang='lat' dir='ltr'>Nee</span> <span class='ocrx_word' id='word_1_82' title='bbox 1928 1281 2016 1319; x_wconf 87' lang='lat' dir='ltr'>me</span> <span class='ocrx_word' id='word_1_83' title='bbox 2058 1264 2304 1337; x_wconf 76' lang='lat' dir='ltr'>praeterit</span> 
     </span>
     <span class='ocr_line' id='line_1_15' title="bbox 1097 1342 2298 1417; baseline 0.001 -22"><span class='ocrx_word' id='word_1_84' title='bbox 1097 1360 1146 1395; x_wconf 84' lang='lat' dir='ltr'>re</span> <span class='ocrx_word' id='word_1_85' title='bbox 1186 1342 1240 1396; x_wconf 90' lang='lat' dir='ltr'>iu</span> <span class='ocrx_word' id='word_1_86' title='bbox 1272 1350 1545 1415; x_wconf 72' lang='lat' dir='ltr'>potestate</span> <span class='ocrx_word' id='word_1_87' title='bbox 1576 1352 1869 1417; x_wconf 81' lang='lat' dir='ltr'>parentum</span> <span class='ocrx_word' id='word_1_88' title='bbox 1921 1345 2126 1399; x_wconf 85' lang='lat' dir='ltr'>liberos</span> <span class='ocrx_word' id='word_1_89' title='bbox 2156 1360 2298 1398; x_wconf 83' lang='lat' dir='ltr'>esse.</span> 
     </span>
     <span class='ocr_line' id='line_1_16' title="bbox 1099 1424 2306 1495; baseline 0.002 -18"><span class='ocrx_word' id='word_1_90' title='bbox 1099 1427 1332 1478; x_wconf 74' lang='lat' dir='ltr'>rentum</span> <span class='ocrx_word' id='word_1_91' title='bbox 1350 1438 1589 1478; x_wconf 79' lang='lat' dir='ltr'>suorum</span> <span class='ocrx_word' id='word_1_92' title='bbox 1608 1428 1884 1495; x_wconf 81' lang='lat' dir='ltr'>potestate</span> <span class='ocrx_word' id='word_1_93' title='bbox 1907 1424 2076 1480; x_wconf 82' lang='lat' dir='ltr'>liberi</span> <span class='ocrx_word' id='word_1_94' title='bbox 2096 1424 2306 1480; x_wconf 72' lang='lat' dir='ltr'><strong><em>civium</em></strong></span> 
     </span>
     <span class='ocr_line' id='line_1_17' title="bbox 1097 1501 2306 1571; baseline 0.001 -16"><span class='ocrx_word' id='word_1_95' title='bbox 1097 1519 1268 1557; x_wconf 80' lang='lat' dir='ltr'>nanas</span> <span class='ocrx_word' id='word_1_96' title='bbox 1298 1520 1495 1558; x_wconf 81' lang='lat' dir='ltr'>uxores</span> <span class='ocrx_word' id='word_1_97' title='bbox 1523 1502 1794 1571; x_wconf 86' lang='lat' dir='ltr'>duxerint,</span> <span class='ocrx_word' id='word_1_98' title='bbox 1824 1502 1908 1557; x_wconf 88' lang='lat' dir='ltr'>vel</span> <span class='ocrx_word' id='word_1_99' title='bbox 1941 1502 2106 1557; x_wconf 84' lang='lat' dir='ltr'>etiam</span> <span class='ocrx_word' id='word_1_100' title='bbox 2156 1501 2306 1556; x_wconf 83' lang='lat' dir='ltr'>Lati-</span> 
     </span>
     <span class='ocr_line' id='line_1_18' title="bbox 1097 1582 2309 1654; baseline 0.002 -19"><span class='ocrx_word' id='word_1_101' title='bbox 1097 1583 1286 1654; x_wconf 70' lang='lat' dir='ltr'>Juihus</span> <span class='ocrx_word' id='word_1_102' title='bbox 1315 1583 1648 1638; x_wconf 88' lang='lat' dir='ltr'>connubium</span> <span class='ocrx_word' id='word_1_103' title='bbox 1694 1584 1959 1649; x_wconf 82' lang='lat' dir='ltr'>habeaut3</span> <span class='ocrx_word' id='word_1_104' title='bbox 2000 1598 2123 1637; x_wconf 88' lang='lat' dir='ltr'>cum</span> <span class='ocrx_word' id='word_1_105' title='bbox 2156 1582 2309 1638; x_wconf 88' lang='lat' dir='ltr'>enim</span> 
     </span>
     <span class='ocr_line' id='line_1_19' title="bbox 1097 1662 2302 1734; baseline 0 -18"><span class='ocrx_word' id='word_1_106' title='bbox 1097 1681 1105 1716; x_wconf 83' lang='grc'>;</span> <span class='ocrx_word' id='word_1_107' title='bbox 1143 1662 1302 1716; x_wconf 86' lang='lat' dir='ltr'>liberi</span> <span class='ocrx_word' id='word_1_108' title='bbox 1356 1663 1526 1734; x_wconf 83' lang='lat' dir='ltr'>patris</span> <span class='ocrx_word' id='word_1_109' title='bbox 1580 1663 1941 1718; x_wconf 85' lang='lat' dir='ltr'>conditionem</span> <span class='ocrx_word' id='word_1_110' title='bbox 1978 1669 2302 1734; x_wconf 86' lang='lat' dir='ltr'>sequantur,</span> 
     </span>
     <span class='ocr_line' id='line_1_20' title="bbox 1097 1740 2306 1815; baseline 0.003 -24"><span class='ocrx_word' id='word_1_111' title='bbox 1097 1758 1129 1795; x_wconf 69' lang='grc' dir='ltr'>ιε</span> <span class='ocrx_word' id='word_1_112' title='bbox 1156 1742 1380 1796; x_wconf 84' lang='lat' dir='ltr'>Romani</span> <span class='ocrx_word' id='word_1_113' title='bbox 1402 1744 1551 1810; x_wconf 85' lang='lat' dir='ltr'>fiant,</span> <span class='ocrx_word' id='word_1_114' title='bbox 1580 1743 1672 1798; x_wconf 80' lang='lat' dir='ltr'>sed</span> <span class='ocrx_word' id='word_1_115' title='bbox 1708 1746 1762 1798; x_wconf 88' lang='lat' dir='ltr'>et</span> <span class='ocrx_word' id='word_1_116' title='bbox 1782 1742 2113 1815; x_wconf 85' lang='lat' dir='ltr'>inpotestate</span> <span class='ocrx_word' id='word_1_117' title='bbox 2134 1740 2306 1815; x_wconf 84' lang='lat' dir='ltr'>patris</span> 
     </span>
     <span class='ocr_line' id='line_1_21' title="bbox 1097 1822 2304 1895; baseline -0.001 -20"><span class='ocrx_word' id='word_1_118' title='bbox 1097 1823 1267 1876; x_wconf 80' lang='lat' dir='ltr'>eranis</span> <span class='ocrx_word' id='word_1_119' title='bbox 1311 1822 1634 1895; x_wconf 80' lang='lat' dir='ltr'>quibusdam</span> <span class='ocrx_word' id='word_1_120' title='bbox 1665 1822 1893 1878; x_wconf 83' lang='lat' dir='ltr'>concedi</span> <span class='ocrx_word' id='word_1_121' title='bbox 1926 1822 2063 1877; x_wconf 89' lang='lat' dir='ltr'>solet</span> <span class='ocrx_word' id='word_1_122' title='bbox 2100 1822 2304 1894; x_wconf 88' lang='lat' dir='ltr'>prinei-</span> 
     </span>
     <span class='ocr_line' id='line_1_22' title="bbox 1097 1901 2308 1975; baseline -0.002 -19"><span class='ocrx_word' id='word_1_123' title='bbox 1097 1902 1427 1956; x_wconf 86' lang='lat' dir='ltr'>connubium</span> <span class='ocrx_word' id='word_1_124' title='bbox 1472 1919 1599 1957; x_wconf 88' lang='lat' dir='ltr'>eum</span> <span class='ocrx_word' id='word_1_125' title='bbox 1657 1902 1742 1957; x_wconf 91' lang='lat' dir='ltr'>his</span> <span class='ocrx_word' id='word_1_126' title='bbox 1790 1902 2015 1971; x_wconf 81' lang='lat' dir='ltr'>Latinis,</span> <span class='ocrx_word' id='word_1_127' title='bbox 2052 1901 2308 1975; x_wconf 83' lang='lat' dir='ltr'>peregri-</span> 
     </span>
     <span class='ocr_line' id='line_1_23' title="bbox 1118 1981 2307 2054; baseline 0 -18"><span class='ocrx_word' id='word_1_128' title='bbox 1118 1981 1434 2037; x_wconf 85' lang='lat' dir='ltr'>missionem</span> <span class='ocrx_word' id='word_1_129' title='bbox 1470 1997 1666 2037; x_wconf 84' lang='lat' dir='ltr'>uxores</span> <span class='ocrx_word' id='word_1_130' title='bbox 1709 1981 1988 2050; x_wconf 83' lang='lat' dir='ltr'>duxeriut3</span> <span class='ocrx_word' id='word_1_131' title='bbox 2022 1991 2075 2038; x_wconf 88' lang='lat' dir='ltr'>et</span> <span class='ocrx_word' id='word_1_132' title='bbox 2106 1982 2197 2054; x_wconf 89' lang='lat' dir='ltr'>qui</span> <span class='ocrx_word' id='word_1_133' title='bbox 2237 1997 2307 2036; x_wconf 79' lang='lat' dir='ltr'>ex</span> 
     </span>
     <span class='ocr_line' id='line_1_24' title="bbox 1097 2062 2305 2136; baseline 0.001 -20"><span class='ocrx_word' id='word_1_134' title='bbox 1097 2080 1158 2132; x_wconf 85' lang='lat' dir='ltr'>r,</span> <span class='ocrx_word' id='word_1_135' title='bbox 1209 2071 1263 2118; x_wconf 88' lang='lat' dir='ltr'>et</span> <span class='ocrx_word' id='word_1_136' title='bbox 1317 2062 1459 2118; x_wconf 86' lang='lat' dir='ltr'>cives</span> <span class='ocrx_word' id='word_1_137' title='bbox 1520 2062 1776 2130; x_wconf 83' lang='lat' dir='ltr'>Romani,</span> <span class='ocrx_word' id='word_1_138' title='bbox 1827 2063 1976 2118; x_wconf 88' lang='lat' dir='ltr'>etin</span> <span class='ocrx_word' id='word_1_139' title='bbox 2025 2069 2305 2136; x_wconf 75' lang='lat' dir='ltr'>potestate</span> 
     </span>
    </p>
   </div>
   <div class='ocr_carea' id='block_1_3' title="bbox 1097 2221 2314 3573">
    <p class='ocr_par' dir='ltr' id='par_1_4' title="bbox 1097 2221 2314 3396">
     <span class='ocr_line' id='line_1_25' title="bbox 1138 2221 2306 2281; baseline -0.001 -2"><span class='ocrx_word' id='word_1_140' title='bbox 1138 2227 1216 2279; x_wconf 81' lang='lat' dir='ltr'>est</span> <span class='ocrx_word' id='word_1_141' title='bbox 1255 2240 1377 2279; x_wconf 75' lang='lat' dir='ltr'>non</span> <span class='ocrx_word' id='word_1_142' title='bbox 1421 2221 1607 2280; x_wconf 81' lang='lat' dir='ltr'>omnes</span> <span class='ocrx_word' id='word_1_143' title='bbox 1644 2225 1804 2281; x_wconf 74' lang='lat' dir='ltr'>nobis</span> <span class='ocrx_word' id='word_1_144' title='bbox 1850 2239 2057 2279; x_wconf 71' lang='lat' dir='ltr'>uxores</span> <span class='ocrx_word' id='word_1_145' title='bbox 2098 2223 2306 2278; x_wconf 77' lang='lat' dir='ltr'>ducere</span> 
     </span>
     <span class='ocr_line' id='line_1_26' title="bbox 1097 2303 2107 2375; baseline 0.001 -20"><span class='ocrx_word' id='word_1_146' title='bbox 1097 2320 1191 2356; x_wconf 17' lang='lat' dir='ltr'>*am</span> <span class='ocrx_word' id='word_1_147' title='bbox 1245 2303 1448 2375; x_wconf 87' lang='lat' dir='ltr'>nuptiis</span> <span class='ocrx_word' id='word_1_148' title='bbox 1501 2305 1778 2359; x_wconf 84' lang='lat' dir='ltr'>abstinere</span> <span class='ocrx_word' id='word_1_149' title='bbox 1825 2304 2107 2359; x_wconf 77' lang='lat' dir='ltr'>debemus,</span> 
     </span>
     <span class='ocr_line' id='line_1_27' title="bbox 1108 2382 2304 2456; baseline -0.002 -20"><span class='ocrx_word' id='word_1_150' title='bbox 1108 2399 1389 2454; x_wconf 80' lang='lat' dir='ltr'>personaS,</span> <span class='ocrx_word' id='word_1_151' title='bbox 1429 2401 1550 2456; x_wconf 84' lang='lat' dir='ltr'>quae</span> <span class='ocrx_word' id='word_1_152' title='bbox 1594 2394 1880 2456; x_wconf 83' lang='lat' dir='ltr'>parentum</span> <span class='ocrx_word' id='word_1_153' title='bbox 1927 2382 2304 2438; x_wconf 77' lang='lat' dir='ltr'>liberorumve</span> 
     </span>
     <span class='ocr_line' id='line_1_28' title="bbox 1104 2463 2305 2536; baseline -0.001 -21"><span class='ocrx_word' id='word_1_154' title='bbox 1104 2505 1118 2528; x_wconf 93' lang='lat'>,</span> <span class='ocrx_word' id='word_1_155' title='bbox 1178 2463 1385 2534; x_wconf 80' lang='lat' dir='ltr'>nuptiae</span> <span class='ocrx_word' id='word_1_156' title='bbox 1435 2463 1683 2519; x_wconf 84' lang='lat' dir='ltr'>contrahi</span> <span class='ocrx_word' id='word_1_157' title='bbox 1736 2479 1842 2518; x_wconf 88' lang='lat' dir='ltr'>non</span> <span class='ocrx_word' id='word_1_158' title='bbox 1900 2469 2142 2536; x_wconf 86' lang='lat' dir='ltr'>possunt,</span> <span class='ocrx_word' id='word_1_159' title='bbox 2202 2477 2305 2515; x_wconf 87' lang='lat' dir='ltr'>nee</span> 
     </span>
     <span class='ocr_line' id='line_1_29' title="bbox 1097 2539 2307 2617; baseline -0.002 -22"><span class='ocrx_word' id='word_1_160' title='bbox 1097 2550 1148 2611; x_wconf 81' lang='lat' dir='ltr'>;t,</span> <span class='ocrx_word' id='word_1_161' title='bbox 1200 2542 1347 2598; x_wconf 85' lang='lat' dir='ltr'>velut</span> <span class='ocrx_word' id='word_1_162' title='bbox 1406 2543 1547 2598; x_wconf 87' lang='lat' dir='ltr'>inter</span> <span class='ocrx_word' id='word_1_163' title='bbox 1592 2550 1801 2617; x_wconf 83' lang='lat' dir='ltr'>patrem</span> <span class='ocrx_word' id='word_1_164' title='bbox 1848 2551 1901 2598; x_wconf 90' lang='lat' dir='ltr'>et</span> <span class='ocrx_word' id='word_1_165' title='bbox 1956 2542 2160 2608; x_wconf 83' lang='lat' dir='ltr'>filiam,</span> <span class='ocrx_word' id='word_1_166' title='bbox 2221 2539 2307 2593; x_wconf 78' lang='lat' dir='ltr'>vel</span> 
     </span>
     <span class='ocr_line' id='line_1_30' title="bbox 1097 2621 2305 2694; baseline -0.002 -18"><span class='ocrx_word' id='word_1_167' title='bbox 1097 2639 1234 2676; x_wconf 70' lang='lat' dir='ltr'>trum</span> <span class='ocrx_word' id='word_1_168' title='bbox 1280 2632 1333 2676; x_wconf 84' lang='lat' dir='ltr'>et</span> <span class='ocrx_word' id='word_1_169' title='bbox 1380 2630 1637 2694; x_wconf 87' lang='lat' dir='ltr'>neptem:</span> <span class='ocrx_word' id='word_1_170' title='bbox 1681 2631 1735 2678; x_wconf 88' lang='lat' dir='ltr'>et</span> <span class='ocrx_word' id='word_1_171' title='bbox 1778 2623 1821 2677; x_wconf 92' lang='lat' dir='ltr'>si</span> <span class='ocrx_word' id='word_1_172' title='bbox 1864 2621 2002 2677; x_wconf 85' lang='lat' dir='ltr'>tales</span> <span class='ocrx_word' id='word_1_173' title='bbox 2049 2636 2305 2694; x_wconf 82' lang='lat' dir='ltr'>persouae</span> 
     </span>
     <span class='ocr_line' id='line_1_31' title="bbox 1098 2700 2309 2772; baseline -0.002 -17"><span class='ocrx_word' id='word_1_174' title='bbox 1098 2718 1158 2755; x_wconf 85' lang='lat' dir='ltr'>as</span> <span class='ocrx_word' id='word_1_175' title='bbox 1193 2705 1360 2772; x_wconf 80' lang='lat' dir='ltr'>atque</span> <span class='ocrx_word' id='word_1_176' title='bbox 1391 2703 1633 2757; x_wconf 80' lang='lat' dir='ltr'>incestas</span> <span class='ocrx_word' id='word_1_177' title='bbox 1675 2703 1910 2772; x_wconf 76' lang='lat' dir='ltr'>nuptias</span> <span class='ocrx_word' id='word_1_178' title='bbox 1956 2700 2309 2757; x_wconf 73' lang='lat' dir='ltr'>contraoee&#39;sse</span> 
     </span>
     <span class='ocr_line' id='line_1_32' title="bbox 1131 2781 2308 2854; baseline 0 -21"><span class='ocrx_word' id='word_1_179' title='bbox 1131 2781 1207 2835; x_wconf 78' lang='lat' dir='ltr'>ita</span> <span class='ocrx_word' id='word_1_180' title='bbox 1241 2788 1386 2848; x_wconf 87' lang='lat' dir='ltr'>sunt,</span> <span class='ocrx_word' id='word_1_181' title='bbox 1432 2788 1490 2834; x_wconf 91' lang='lat' dir='ltr'>ut</span> <span class='ocrx_word' id='word_1_182' title='bbox 1519 2782 1765 2853; x_wconf 86' lang='lat' dir='ltr'>quamvis</span> <span class='ocrx_word' id='word_1_183' title='bbox 1816 2799 1914 2854; x_wconf 88' lang='lat' dir='ltr'>per</span> <span class='ocrx_word' id='word_1_184' title='bbox 1959 2781 2308 2853; x_wconf 84' lang='lat' dir='ltr'>adoptionem</span> 
     </span>
     <span class='ocr_line' id='line_1_33' title="bbox 1115 2859 2314 2933; baseline -0.003 -19"><span class='ocrx_word' id='word_1_185' title='bbox 1115 2860 1231 2914; x_wconf 85' lang='lat' dir='ltr'>loco</span> <span class='ocrx_word' id='word_1_186' title='bbox 1288 2860 1388 2914; x_wconf 89' lang='lat' dir='ltr'>sibi</span> <span class='ocrx_word' id='word_1_187' title='bbox 1440 2877 1560 2914; x_wconf 88' lang='lat' dir='ltr'>esse</span> <span class='ocrx_word' id='word_1_188' title='bbox 1600 2861 1886 2933; x_wconf 85' lang='lat' dir='ltr'>coeperint,</span> <span class='ocrx_word' id='word_1_189' title='bbox 1950 2877 2055 2914; x_wconf 91' lang='lat' dir='ltr'>non</span> <span class='ocrx_word' id='word_1_190' title='bbox 2104 2859 2314 2931; x_wconf 87' lang='lat' dir='ltr'>possint</span> 
     </span>
     <span class='ocr_line' id='line_1_34' title="bbox 1097 2938 2313 3011; baseline -0.001 -18"><span class='ocrx_word' id='word_1_191' title='bbox 1097 2939 1268 3011; x_wconf 84' lang='lat' dir='ltr'>jungi,</span> <span class='ocrx_word' id='word_1_192' title='bbox 1300 2940 1357 2992; x_wconf 88' lang='lat' dir='ltr'>in</span> <span class='ocrx_word' id='word_1_193' title='bbox 1390 2946 1620 3009; x_wconf 83' lang='lat' dir='ltr'>tantum,</span> <span class='ocrx_word' id='word_1_194' title='bbox 1654 2950 1712 2995; x_wconf 92' lang='lat' dir='ltr'>ut</span> <span class='ocrx_word' id='word_1_195' title='bbox 1753 2948 1807 2994; x_wconf 88' lang='lat' dir='ltr'>et</span> <span class='ocrx_word' id='word_1_196' title='bbox 1840 2939 2107 2993; x_wconf 87' lang='lat' dir='ltr'>dissoluta</span> <span class='ocrx_word' id='word_1_197' title='bbox 2138 2938 2313 3010; x_wconf 84' lang='lat' dir='ltr'>adop-</span> 
     </span>
     <span class='ocr_line' id='line_1_35' title="bbox 1097 3016 2309 3092; baseline -0.003 -17"><span class='ocrx_word' id='word_1_198' title='bbox 1097 3028 1152 3088; x_wconf 89' lang='lat' dir='ltr'>.t;</span> <span class='ocrx_word' id='word_1_199' title='bbox 1212 3020 1400 3092; x_wconf 86' lang='lat' dir='ltr'>itaque</span> <span class='ocrx_word' id='word_1_200' title='bbox 1456 3037 1598 3088; x_wconf 81' lang='lat' dir='ltr'>eam,</span> <span class='ocrx_word' id='word_1_201' title='bbox 1655 3036 1775 3091; x_wconf 82' lang='lat' dir='ltr'>quae</span> <span class='ocrx_word' id='word_1_202' title='bbox 1831 3016 1964 3072; x_wconf 85' lang='lat' dir='ltr'><strong>mihi</strong></span> <span class='ocrx_word' id='word_1_203' title='bbox 2020 3018 2309 3091; x_wconf 82' lang='lat' dir='ltr'>adoptione</span> 
     </span>
     <span class='ocr_line' id='line_1_36' title="bbox 1097 3099 2307 3172; baseline -0.002 -19"><span class='ocrx_word' id='word_1_204' title='bbox 1097 3116 1118 3153; x_wconf 80' lang='lat' dir='ltr'>e</span> <span class='ocrx_word' id='word_1_205' title='bbox 1151 3099 1414 3171; x_wconf 83' lang='lat' dir='ltr'>eoeperit,</span> <span class='ocrx_word' id='word_1_206' title='bbox 1461 3116 1567 3154; x_wconf 86' lang='lat' dir='ltr'>non</span> <span class='ocrx_word' id='word_1_207' title='bbox 1608 3109 1799 3172; x_wconf 83' lang='lat' dir='ltr'>potero</span> <span class='ocrx_word' id='word_1_208' title='bbox 1832 3115 2055 3154; x_wconf 84' lang='lat' dir='ltr'>uxorem</span> <span class='ocrx_word' id='word_1_209' title='bbox 2088 3099 2307 3166; x_wconf 87' lang='lat' dir='ltr'>ducere,</span> 
     </span>
     <span class='ocr_line' id='line_1_37' title="bbox 1097 3180 2308 3252; baseline -0.002 -19"><span class='ocrx_word' id='word_1_210' title='bbox 1097 3181 1256 3234; x_wconf 81' lang='lat' dir='ltr'>erim.</span> <span class='ocrx_word' id='word_1_211' title='bbox 1348 3184 1479 3236; x_wconf 70' lang='lat'>(30.</span> <span class='ocrx_word' id='word_1_212' title='bbox 1517 3180 1656 3234; x_wconf 83' lang='lat' dir='ltr'>[uter</span> <span class='ocrx_word' id='word_1_213' title='bbox 1675 3197 1765 3235; x_wconf 82' lang='lat' dir='ltr'>eas</span> <span class='ocrx_word' id='word_1_214' title='bbox 1789 3195 2003 3252; x_wconf 86' lang='lat' dir='ltr'>quoque</span> <span class='ocrx_word' id='word_1_215' title='bbox 2027 3194 2308 3251; x_wconf 83' lang='lat' dir='ltr'>personaS,</span> 
     </span>
     <span class='ocr_line' id='line_1_38' title="bbox 1101 3259 2307 3333; baseline -0.003 -19"><span class='ocrx_word' id='word_1_216' title='bbox 1101 3278 1136 3314; x_wconf 91' lang='lat' dir='ltr'>u</span> <span class='ocrx_word' id='word_1_217' title='bbox 1186 3260 1505 3333; x_wconf 81' lang='lat' dir='ltr'>cognatione</span> <span class='ocrx_word' id='word_1_218' title='bbox 1547 3259 1881 3333; x_wconf 82' lang='lat' dir='ltr'>junguntur,</span> <span class='ocrx_word' id='word_1_219' title='bbox 1937 3269 2020 3315; x_wconf 85' lang='lat' dir='ltr'>est</span> <span class='ocrx_word' id='word_1_220' title='bbox 2056 3259 2307 3331; x_wconf 76' lang='lat' dir='ltr'>quaedaln</span> 
     </span>
     <span class='ocr_line' id='line_1_39' title="bbox 1097 3349 1412 3396; baseline 0.003 -3"><span class='ocrx_word' id='word_1_221' title='bbox 1097 3357 1194 3395; x_wconf 83' lang='lat' dir='ltr'>non</span> <span class='ocrx_word' id='word_1_222' title='bbox 1239 3349 1412 3396; x_wconf 82' lang='lat' dir='ltr'>tanta.</span> 
     </span>
    </p>

    <p class='ocr_par' dir='ltr' id='par_1_5' title="bbox 1097 3417 2302 3573">
     <span class='ocr_line' id='line_1_40' title="bbox 1097 3417 2302 3493; baseline 0.001 -19"><span class='ocrx_word' id='word_1_223' title='bbox 1097 3436 1167 3474; x_wconf 74' lang='lat' dir='ltr'>nn</span> <span class='ocrx_word' id='word_1_224' title='bbox 1214 3428 1270 3474; x_wconf 92' lang='lat' dir='ltr'>et</span> <span class='ocrx_word' id='word_1_225' title='bbox 1318 3436 1563 3476; x_wconf 86' lang='lat' dir='ltr'>sororem</span> <span class='ocrx_word' id='word_1_226' title='bbox 1592 3417 1887 3492; x_wconf 84' lang='lat' dir='ltr'>prohibitae</span> <span class='ocrx_word' id='word_1_227' title='bbox 1913 3427 2042 3473; x_wconf 91' lang='lat' dir='ltr'>sunt</span> <span class='ocrx_word' id='word_1_228' title='bbox 2078 3420 2302 3493; x_wconf 83' lang='lat' dir='ltr'>nuptiae,</span> 
     </span>
     <span class='ocr_line' id='line_1_41' title="bbox 1097 3497 2302 3573; baseline -0.001 -19"><span class='ocrx_word' id='word_1_229' title='bbox 1097 3517 1213 3573; x_wconf 67' lang='lat' dir='ltr'>nque</span> <span class='ocrx_word' id='word_1_230' title='bbox 1241 3507 1417 3554; x_wconf 82' lang='lat' dir='ltr'>matre</span> <span class='ocrx_word' id='word_1_231' title='bbox 1459 3499 1567 3554; x_wconf 85' lang='lat' dir='ltr'>nati</span> <span class='ocrx_word' id='word_1_232' title='bbox 1606 3497 1826 3566; x_wconf 85' lang='lat' dir='ltr'>fuerint,</span> <span class='ocrx_word' id='word_1_233' title='bbox 1873 3499 1989 3552; x_wconf 85' lang='lat' dir='ltr'>sive</span> <span class='ocrx_word' id='word_1_234' title='bbox 2041 3499 2302 3554; x_wconf 83' lang='lat' dir='ltr'>alterutro</span> 
     </span>
    </p>
   </div>
   <div class='ocr_carea' id='block_1_4' title="bbox 2542 907 2545 1707">
    <p class='ocr_par' dir='ltr' id='par_1_6' title="bbox 2542 907 2545 1707">
     <span class='ocr_line' id='line_1_42' title="bbox 2542 907 2545 1707; baseline 0 0"><span class='ocrx_word' id='word_1_235' title='bbox 2542 907 2545 1707; x_wconf 95' lang='lat' dir='ltr'> </span> 
     </span>
    </p>
   </div>
   <div class='ocr_carea' id='block_1_5' title="bbox 2545 2225 2547 2756">
    <p class='ocr_par' dir='ltr' id='par_1_7' title="bbox 2545 2225 2547 2756">
     <span class='ocr_line' id='line_1_43' title="bbox 2545 2225 2547 2756; baseline 0 0"><span class='ocrx_word' id='word_1_236' title='bbox 2545 2225 2547 2756; x_wconf 95' lang='lat' dir='ltr'> </span> 
     </span>
    </p>
   </div>
  </div>
 </body>
</html>
