2548 4051
864 196 1339 245 COMMENTARIUS
1373 195 1615 243 PRIMUS.

261 325 495 378 eorum3
543 309 639 364 sed
689 310 732 365 si
780 328 886 383 qua
933 328 1030 383 per
1071 310 1424 383 adoptionem
1474 326 1628 364 soror
1659 310 1790 365 mihi
1842 329 1961 366 esse

262 389 534 460 quamdiu
565 390 786 462 quidem
817 399 1026 447 constat
1059 389 1295 464 adopti0‚
1331 407 1460 446 sane
1500 390 1641 445 inter
1686 408 1775 445 me
1803 399 1856 446 et
1889 409 1975 447 ean

260 485 381 523 non
417 478 652 541 possunt
676 470 1005 526 consistere:
1038 488 1159 528 cum
1187 487 1317 526 vero
1350 488 1449 543 per
1488 470 1971 543 emancipationem

260 548 540 604 dissoluta
569 548 656 617 sit,
686 559 878 623 potero
912 568 1031 606 eam
1061 568 1288 607 uxorem
1320 551 1556 619 ducere;
1589 550 1683 605 sed
1712 556 1765 608 et
1794 552 1839 607 si
1872 568 1973 623 ego

256 635 432 701 patus
466 629 639 697 suern,
663 630 800 685 nihil
829 630 1220 703 impedimento
1253 630 1356 685 erit
1380 630 1605 703 nuptiis.
1674 636 1803 687 (32.
1836 631 1975 687 Frati

256 724 494 764 uxorem
538 709 740 765 ducere
791 710 943 777 licet3
984 710 1149 783 idque
1186 710 1423 782 primum
1450 710 1505 765 in
1547 727 1707 765 usum
1730 712 1895 780 venit,
1932 729 1975 765 ci

259 786 524 843 Claudius
555 790 1134 862 Agrippinam,fratris
1164 790 1249 845 sui
1279 790 1462 857 filiam,
1482 807 1709 846 uxorem
1736 790 1975 846 duxisset

259 883 399 922 vero
434 868 599 923 filiam
637 887 866 926 uxorem
896 871 1094 925 ducere
1141 887 1245 925 non
1277 870 1439 938 licet;
1488 878 1542 926 et
1579 870 1695 926 haec
1725 871 1798 925 ita
1843 871 1975 943 prin«

261 948 744 1003 constitutionibus
774 949 1160 1021 significantur.
1196 950 1330 1005 ltem
1373 950 1592 1005 amitam
1642 959 1697 1007 et
1724 958 1975 1006 mater-tei

252 1043 388 1081 rem
409 1027 607 1083 ducere
630 1046 738 1084 non
769 1029 913 1085 licet.
948 1034 1079 1085 (33.
1103 1030 1240 1085 Item
1264 1047 1406 1096 eam,
1424 1047 1544 1102 quae
1566 1030 1700 1086 mihi
1729 1031 1975 1103 quondan

263 1114 366 1161 aut
392 1124 578 1175 nurUS,
595 1116 693 1164 aut
724 1108 994 1181 privigna,
1033 1118 1128 1162 aut
1156 1126 1389 1165 noverca
1426 1110 1613 1166 fuerit.
1647 1111 1780 1166 *Ideo
1800 1119 1975 1168 autem

261 1186 558 1258 quondam,
593 1188 721 1260 quia
753 1188 802 1243 si
831 1187 1009 1242 adhuc
1039 1194 1291 1243 constant
1322 1204 1401 1243 eae
1430 1190 1652 1259 nuptiae,
1683 1207 1782 1261 per
1825 1209 1961 1263 quas

257 1265 446 1321 finitas
471 1268 701 1339 quaesita
721 1274 828 1335 est,
859 1267 966 1322 alia
995 1266 1206 1322 ratione
1245 1266 1379 1322 mihi
1408 1275 1582 1340 nupta
1612 1284 1730 1323 esse
1759 1286 1868 1323 non
1896 1282 1975 1342 pot

259 1362 452 1417 neque
482 1348 671 1401 eadem
701 1347 915 1403 duobus
940 1353 1108 1421 nupta
1138 1363 1263 1401 esse
1281 1354 1484 1419 potest,
1515 1364 1693 1420 neque
1712 1346 1855 1402 idem
1886 1350 1975 1403 dua

257 1423 502 1479 habere.
539 1431 665 1483 (34.
688 1426 831 1499 Ergo
855 1427 901 1482 si
922 1426 1043 1499 quis
1073 1426 1309 1482 nefarias
1340 1434 1500 1499 atque
1519 1426 1756 1483 incestas
1787 1428 1975 1501 nuptia

254 1502 426 1573 xerit‚
459 1521 631 1577 neque
665 1523 889 1562 uxorem
928 1506 1132 1561 hahere
1178 1505 1398 1561 videtur
1446 1523 1624 1579 neque
1664 1507 1902 1563 liberos:
1954 1508 1969 1563 i

258 1582 357 1655 qui
386 1600 451 1638 ex
480 1600 544 1639 eo
573 1586 722 1641 coitu
749 1593 1064 1655 nascuntur,
1096 1592 1328 1641 matrem
1358 1585 1579 1658 quidem
1612 1585 1816 1641 habere
1846 1585 1975 1642 vide]

256 1669 402 1718 trem
431 1680 560 1719 vero
590 1682 699 1721 non
727 1666 948 1739 utique3
983 1677 1083 1720 nec
1113 1665 1182 1720 oh
1212 1665 1268 1720 id
1290 1664 1346 1719 in
1375 1671 1641 1737 potestate
1660 1666 1776 1736 ejus
1806 1674 1951 1736 sunt,

253 1746 398 1799 sunt
433 1745 625 1816 quales
656 1754 778 1802 sunt
822 1746 883 1801 hi
913 1756 1050 1819 quo's
1077 1753 1253 1800 mater
1284 1745 1443 1815 vulgo
1488 1746 1756 1818 concepit3
1802 1764 1929 1801 nam
1972 1773 1975 1795 ι

255 1831 404 1878 trem
435 1823 641 1880 habere
668 1843 775 1881 non
813 1825 1224 1897 intelleguntur,
1259 1842 1380 1879 cum
1409 1826 1458 1880 is
1490 1827 1659 1881 etiam
1690 1826 1928 1881 incertus
1957 1844 1975 1881 s

257 1902 442 1958 solent
494 1904 667 1978 spurii
707 1904 806 1960 filii
843 1904 1129 1977 appellari,
1186 1904 1276 1959 vel
1305 1922 1337 1959 a
1376 1904 1563 1959 Graeca
1619 1921 1753 1959 voce
1795 1905 1953 1977 quasi

255 1986 532 2058 concepti,
566 1984 651 2042 vel
682 1985 836 2058 quasi
864 1986 978 2041 sine
1009 1992 1164 2059 patre
1194 1984 1311 2041 filii.

335 2068 464 2120 (35.
497 2066 824 2137 Aliquando
856 2072 1046 2122 autem
1075 2068 1276 2133 evenit,
1308 2069 1376 2121 ‘nt
1415 2066 1580 2121 liberi
1622 2066 1720 2136 qui
1752 2068 1955 2122 statim

257 2154 409 2212 sunt,
440 2155 733 2218 parentum
760 2147 815 2200 in
847 2153 1122 2218 potestate
1155 2163 1266 2200 non
1295 2145 1449 2212 fiant,
1482 2145 1523 2198 ii
1546 2153 1743 2217 postea
1762 2154 1944 2202 tamen
1973 2168 1975 2201 1

256 2235 357 2280 tur
393 2225 448 2278 in
479 2233 834 2298 potestatem.
857 2229 1012 2281 nn.
1052 2226 1237 2282 Veluti
1267 2227 1318 2281 si
1344 2226 1605 2293 Latinus,
1632 2243 1697 2279 ex
1722 2225 1843 2299 lege
1873 2228 1975 2282 AEli

256 2321 432 2360 uxore
453 2305 820 2374 ducta‚filium
844 2306 1236 2376 procreaverit,
1255 2313 1347 2360 aut
1359 2304 1601 2360 Latinum
1633 2323 1698 2360 ex
1711 2307 1923 2378 Latina,
1944 2326 1975 2363 a

256 2387 564 2441 Romanurn
590 2403 655 2440 ex
686 2385 803 2440 cive
836 2386 1095 2454 Romana,
1125 2403 1233 2440 non
1263 2385 1492 2441 habebit
1523 2402 1648 2440 eum
1690 2385 1746 2440 in
1786 2395 1975 2458 potestz

256 2467 313 2523 si
331 2470 527 2535 postea
557 2481 734 2522 caasa
757 2467 1001 2536 probata
1031 2467 1323 2522 civitatem
1350 2468 1669 2521 Romanam
1698 2474 1975 2523 consecute

257 2544 423 2601 simul
451 2562 574 2602 eum
603 2546 658 2599 in
679 2553 949 2619 potestate
981 2563 1080 2600 sua
1103 2545 1306 2600 habere
1331 2544 1541 2616 incipit.
1576 2548 1707 2600 (Η.
1737 2543 1875 2599 Item
1905 2546 1951 2600 si

256 2642 455 2684 manus
471 2625 715 2680 Latinam
735 2636 828 2681 aut
855 2625 1203 2699 peregrinam
1220 2641 1446 2680 uxorem
1468 2622 1711 2689 duxerit,
1730 2640 1832 2696 per
1846 2625 1974 2697 igno

259 2723 389 2760 cum
413 2722 533 2760 eam
553 2705 723 2760 civem
747 2707 1043 2760 Romanam
1077 2723 1199 2761 esse
1239 2704 1512 2772 crederet,
1542 2710 1599 2759 et
1637 2700 1812 2758 filium
1836 2721 1975 2777 proc:

257 2784 356 2843 hic
391 2801 496 2840 non
539 2792 619 2840 est
667 2785 721 2839 in
765 2792 1034 2858 potestate
1074 2785 1212 2857 ejuS,
1254 2783 1382 2859 quia
1413 2801 1483 2840 ne
1524 2785 1748 2857 quidem
1796 2784 1924 2840 civis
1963 2785 1975 2839 l

259 2864 486 2929 est,sed
507 2871 600 2918 aut
627 2863 854 2919 Latinus
872 2872 965 2920 aut
990 2865 1333 2937 peregrinuS‚
1366 2864 1422 2920 id
1438 2872 1542 2932 est,
1577 2865 1693 2936 ejus
1726 2865 1975 2921 conditio!

259 2951 320 2998 et
347 2951 520 2998 mater
545 2943 732 3010 fuerit,
767 2944 894 3017 quia
921 2960 1029 2999 non
1055 2945 1216 3001 aliter
1246 2945 1542 3018 quisquam
1565 2945 1633 3000 ad
1657 2944 1833 3018 patris
1867 2962 1975 3001 con«

254 3023 493 3087 accedit,
520 3041 682 3095 quam
712 3025 758 3078 si
788 3024 931 3079 inter
960 3033 1171 3097 patrem
1223 3033 1278 3080 et
1314 3033 1550 3081 matrem
1591 3025 1708 3096 ejus
1757 3027 1971 3081 connub

255 3098 359 3157 sed
381 3116 444 3154 ex
478 3104 949 3159 senatusconsulto
975 3106 1308 3176 permittitur
1339 3121 1559 3160 causam
1581 3104 1784 3160 erroris
1806 3107 1975 3178 proba

251 3197 397 3238 uxor
423 3196 643 3252 quoque
671 3189 726 3234 et
752 3182 897 3236 filius
929 3187 997 3239 acl
1026 3177 1302 3240 civitatem
1322 3186 1623 3240 Romanam
1643 3184 1967 3256 perveniunt

256 3269 509 3333 tempore
539 3259 729 3332 incipit
751 3259 897 3315 filius
927 3260 982 3314 in
1015 3269 1282 3334 potestate
1316 3263 1487 3334 patris
1524 3279 1671 3318 esse.
1714 3262 1863 3320 Idem
1885 3267 1975 3339 jur

258 3355 379 3396 eam
406 3357 507 3413 per
532 3339 901 3412 ignorantiam
927 3357 1153 3397 uxorem
1195 3342 1408 3398 duxerit
1439 3359 1561 3416 quae
1590 3344 1965 3401 dedititiorum

257 3427 369 3487 est,
383 3420 485 3475 nisi
502 3421 647 3494 quod
664 3431 800 3481 uxor
815 3439 922 3478 non
942 3422 1000 3477 fit
1021 3421 1147 3478 civis
1167 3422 1426 3479 Romana.
1451 3428 1583 3480 88.
1603 3426 1761 3494 Item,
1777 3426 1822 3482 si
1843 3427 1972 3483 civis

255 3515 360 3574 per
385 3516 632 3558 errorem
664 3513 831 3575 nupta
858 3501 926 3560 sit
953 3503 1264 3576 peregrim,
1295 3511 1555 3579 tanquam
1586 3505 1691 3562 civi
1721 3508 1975 3571 Romano²

2183 200 2243 244 13
