2548 4051
27 2274 41 2307 ’1

770 316 1241 367 COMMENTARIUS
1283 314 1582 374 QUARTUS.
2071 312 2160 362 133

167 431 521 501 possidente
566 434 752 503 petat.
803 434 881 488 Et
918 432 1057 504 quia-
1107 433 1273 502 lonye
1321 430 1680 486 commodius
1739 431 1820 485 est
1867 431 2162 502 possidere

172 526 353 581 quam
396 515 614 582 petere,
655 512 781 567 ideo
812 513 1156 584 plerumque
1191 515 1245 567 et
1288 512 1407 582 fere
1452 525 1674 581 sempe-r
1713 509 1914 580 inyens
1958 511 2164 566 emistit

168 593 492 647 contentio
526 592 593 648 de
614 593 745 663 ipsu
764 593 1165 663 posssessione.
1196 591 1572 650 Commodum
1602 593 1798 646 atatem
1822 590 2164 662 possidendi

166 670 233 726 in
262 687 334 726 eo
372 675 481 741 est,
510 673 664 743 quod
689 673 923 728 etiamsi
953 673 1071 742 effus
1098 687 1189 728 res
1209 681 1340 728 ‘non
1363 672 1462 738 sit,
1481 671 1583 742 qui
1603 671 1884 742 possidet,
1916 669 1969 726 si
1997 671 2163 726 modo

164 753 355 806 actor
391 766 514 806 non
546 751 809 820 potue-rit
842 766 1011 806 suam
1042 766 1159 806 esse
1184 751 1462 822 probare,
1501 753 1764 806 remanet
1803 749 1866 804 in
1903 765 2008 806 suo
2041 749 2166 804 loco

153 832 501 900 possessio:
529 834 775 902 propter
802 847 976 903 quam
1008 846 1250 888 causum
1272 846 1405 886 cum
1428 829 1676 886 obscura
1703 832 1842 886 sunt
1870 830 2168 900 utriusque

150 910 343 979 jura,
391 914 601 968 contra
630 911 944 983 petitorem
963 912 1235 981 judicari
1270 911 1429 967 solet.

250 995 436 1047 160
451 1030 712 1046 ........
728 998 782 1047 et
806 999 929 1046 uter
960 1008 1149 1048 eorum
1177 990 1405 1059 vicerit,
1426 990 1639 1047 fructus
1670 989 1944 1059 licitando,
1972 989 2021 1046 is
2052 997 2169 1046 tan-

168 1068 375 1144 tisper
405 1071 461 1126 in
498 1070 848 1144 possessione
878 1071 1259 1140 constituitur,
1294 1070 1340 1125 si
1366 1071 1528 1127 modo
1561 1069 1880 1128 adversario
1901 1088 1999 1126 suo
2025 1072 2173 1126 fruc-

166 1150 375 1208 tuaria
412 1149 785 1225 stipulatione
832 1150 1062 1219 caverit,
1098 1152 1263 1223 cujus
1317 1151 1393 1206 vis
1438 1155 1494 1208 et
1530 1159 1774 1225 potestas
1811 1151 1930 1208 haee
1969 1159 2076 1219 est,
2111 1157 2172 1205 ut

168 1231 221 1286 si
254 1239 459 1288 contra
486 1249 611 1288 eum
644 1231 709 1288 de
747 1232 1117 1303 possessione
1149 1232 1589 1305 'pronuntiatum
1638 1233 1836 1303 fuerit,
1871 1249 1988 1289 eam
2019 1247 2169 1286 sum-

170 1329 339 1368 mam
382 1309 697 1375 adversario
742 1312 935 1368 solvat.
986 1311 1113 1368 Haec
1154 1319 1339 1368 autem
1391 1311 1596 1368 licendi
1619 1311 1918 1370 ‚contentio
1964 1310 2172 1366 fruetus

169 1389 425 1469 licitatio
455 1397 697 1460 vocatur,
734 1390 943 1447 scilicet
972 1391 1103 1465 quia
1134 1391 1199 1447 de
1224 1407 1287 1448 eo
1314 1393 1472 1448 inter
1493 1408 1550 1448 se
1581 1394 1831 1460 certant,
1856 1390 1984 1446 utri
2009 1392 2174 1462 fruc-

176 1475 371 1530 tuum
397 1473 692 1543 perceptio
718 1472 961 1528 interim
987 1471 1407 1528 committenda
1437 1471 1536 1528 sit.
1562 1471 1757 1528 Postea
1774 1472 1914 1529 alter
1944 1471 2173 1526 alterum

187 1552 502 1629 sponsione
526 1559 804 1624 provocat,
838 1551 979 1624 quod
1025 1552 1288 1608 adversus
1316 1552 1554 1607 edictum
1591 1551 1841 1626 praetoris
1873 1549 2174 1625 possidenti

188 1631 311 1691 sibi
351 1631 435 1687 vis
461 1631 604 1686 facta
632 1633 728 1699 sit,
764 1639 819 1687 et
844 1631 1077 1688 invicem
1107 1633 1265 1688 ambo
1297 1632 1695 1706 restipulantur
1724 1632 1986 1688 adversus
2015 1648 2177 1704 spon-

179 1713 448 1768 sionem:
486 1710 571 1765 vel
602 1711 655 1765 si
682 1726 835 1768 unus
878 1715 1112 1767 tantum
1155 1713 1470 1782 sponsione
1505 1715 1852 1784 provocavit
1893 1714 2168 1780 alterum,

180 1811 308 1850 una
332 1792 481 1848 inter
512 1806 605 1847 eos
630 1789 870 1863 sponsio,
906 1791 1142 1863 itemque
1165 1790 1508 1863 restipulatio
1538 1810 1647 1848 una
1681 1797 1915 1849 tantum
1949 1792 2019 1848 ad
2049 1808 2169 1849 eam

186 1875 259 1930 fit
268 1914 381 1929 .....

276 1957 446 2008 100
480 1998 492 2011 .
524 1953 722 2012 Editis
744 1951 949 2008 deinde
975 1951 1253 2023 formulis
1283 1952 1667 2022 sponsionum
1694 1953 1750 2009 et
1767 1953 2177 2024 restipulatio-

198 2050 356 2093 num
370 2034 441 2105 (⁶3)
458 2034 625 2108 judex
664 2033 810 2107 apud
840 2050 1007 2106 quem
1038 2032 1105 2087 de
1139 2049 1203 2089 ea
1234 2050 1296 2088 re
1323 2032 1523 2105 agitur,
1549 2032 1686 2088 illud
1708 2032 1915 2088 scilicet
1940 2032 2178 2106 requirit

211 2116 378 2187 quod
415 2114 624 2172 Praetor
651 2114 947 2169 interdicto
976 2114 1290 2189 complexus
1329 2120 1430 2183 est,
1467 2112 1523 2168 id
1553 2120 1656 2183 est,
1686 2121 1813 2170 uter
1834 2130 2023 2171 eorum
2055 2131 2178 2169 cum

206 2195 452 2251 fundum
478 2212 636 2252 easve
666 2194 812 2251 aedes
847 2212 948 2269 per
990 2194 1046 2249 id
1090 2202 1325 2268 tempuS‚
1355 2210 1465 2267 quo
1514 2194 1866 2251 interdictum
1911 2194 2176 2262 redditur,

208 2290 323 2346 nec
344 2274 394 2328 vi
423 2292 523 2331 nec
551 2275 690 2331 clam
718 2290 820 2329 nec
837 2272 1083 2347 precario
1112 2272 1442 2347 possederit.
1477 2272 1612 2329 Cum
1644 2272 1816 2344 judex
1850 2272 1906 2327 id
1931 2273 2180 2346 explora·
2213 2342 2216 2347 ,

216 2353 380 2421 verit,
408 2361 462 2410 et
489 2357 631 2411 forte
661 2353 961 2411 secundum
1006 2370 1099 2407 me
1135 2352 1446 2423 judicatum
1495 2352 1588 2421 sit,
1629 2352 2005 2409 adversarium
2045 2351 2181 2407 mihi

230 2428 287 2489 et
322 2435 629 2508 sponsionis
671 2427 725 2491 et
764 2432 1198 2508 restipulationis
1222 2450 1465 2489 summas
1485 2450 1628 2507 quas
1654 2451 1778 2489 cum
1807 2450 1870 2490 eo
1897 2433 2024 2501 feci,
2057 2449 2182 2487 con·

218 2512 463 2584 demnat,
496 2524 550 2572 et
577 2514 965 2572 convenienter
1003 2531 1093 2569 me
1132 2513 1440 2587 sponsionis
1483 2522 1539 2569 et
1576 2512 2021 2587 restipulationiS‚
2063 2529 2183 2584 quac

216 2612 436 2651 mecum
462 2596 619 2653 factae
650 2604 797 2664 suut,
832 2588 1095 2657 absolvit;
1142 2602 1196 2650 et
1238 2593 1342 2650 hoc
1387 2592 1623 2668 amplius
1669 2594 1714 2649 si
1743 2593 1888 2668 apud
1927 2594 2182 2649 adversa-

222 2674 367 2730 rium
396 2692 580 2733 meum
610 2674 1024 2750 possessioest,
1054 2676 1191 2747 quia
1245 2675 1292 2730 is
1334 2674 1543 2730 fructus
1580 2674 1879 2730 licitatione
1925 2672 2072 2741 vicit,
2105 2674 2189 2728 nis

215 2754 473 2812 restituat
511 2756 647 2812 mihi
694 2756 1113 2830 possessionem,
1149 2754 1480 2811 Cascelliano
1511 2755 1623 2812 sive
1673 2754 1946 2811 secutorio
1975 2754 2183 2828 judicio

215 2852 245 2891 c
258 2836 639 2893 ondemnatur.
721 2844 761 2893 1
773 2841 876 2894 0⁸5
892 2880 903 2891 .
920 2836 1064 2909 Ergo
1084 2836 1151 2904 is,
1165 2836 1259 2909 qui
1280 2836 1484 2894 fructus
1506 2836 1803 2893 licitatione
1821 2836 1968 2904 vicit,
1983 2836 2030 2891 si
2076 2852 2183 2890 non

215 2916 417 2989 probat
444 2916 513 2972 ad
543 2935 605 2973 se
631 2917 911 2993 pertinere
942 2916 1362 2990 possessionem,
1391 2918 1696 2992 sponsionis
1727 2926 1781 2974 et
1809 2912 2183 2989 restipulatio—

186 2994 301 3050 *nis
350 3003 405 3051 et
448 2996 659 3054 fructus
705 2996 1023 3055 licitationis
1074 3014 1348 3053 summam
1393 3014 1567 3071 poenae
1609 2996 1829 3052 nomine
1869 2996 2089 3052 solvere
2130 3004 2185 3052 et

226 3082 501 3149 praeterea
528 3078 927 3149 possessionem
957 3076 1249 3133 restituere
1274 3077 1533 3149 jubetur3
1563 3084 1616 3132 et
1645 3077 1746 3133 hoc
1777 3076 2014 3151 amplius
2045 3076 2184 3131 fruc-

219 3165 325 3223 tuS,
360 3156 500 3229 quos
531 3156 741 3229 interea
778 3156 1279 3231 percepit,reddit:'
1325 3174 1538 3213 summa
1571 3157 1721 3213 enim
1758 3156 1968 3213 fructus
2007 3156 2184 3213 licita-

219 3235 384 3293 tionis
431 3252 539 3293 non
572 3238 811 3310 pretium
854 3240 955 3296 est'
979 3238 1274 3305 fructuum,
1313 3238 1410 3293 sed
1451 3254 1628 3312 poenae
1677 3236 1902 3293 nomine
1935 3236 2182 3306 solvitur,

222 3316 365 3391 quod
409 3318 534 3391 quis
564 3317 805 3375 alienam
852 3320 1251 3393 possessionem
1300 3336 1398 3391 per
1440 3319 1545 3373 hoe
1589 3328 1806 3391 tempus
1835 3317 2084 3391 ‚retinere
2132 3326 2188 3373 et

221 3398 535 3454 facultatem
564 3398 785 3455 fruendi
806 3398 1053 3455 nancisci
1084 3408 1310 3456 conatus
1327 3406 1431 3455 est.
1514 3402 1698 3454 los.
1736 3396 1830 3453 Ille
1862 3407 2063 3466 autem,
2095 3397 2186 3467 qui

224 3473 429 3533 fructus
457 3478 761 3535 licitatione
792 3479 970 3535 victus
1003 3487 1109 3550 est,
1143 3480 1188 3536 si
1220 3497 1329 3535 non
1363 3479 1679 3553 probaverit
1701 3479 1770 3535 ad
1804 3495 1862 3534 se
1907 3478 2188 3551 pertinere

228 3556 648 3631 possessionem,
695 3564 911 3615 tantum
964 3554 1277 3635 ¹sponsionis
1321 3567 1376 3615 et
1435 3558 1872 3634 restipulationis
1918 3574 2189 3613 summam

228 3654 403 3710 poenae
428 3639 644 3694 nomine
675 3639 860 3695 debet.
944 3645 1129 3697 109.
1160 3640 1494 3698 Admonendi
1519 3650 1702 3697 tamen
1723 3654 1930 3707 sumus,
1948 3637 2186 3693 liberum

1879 3797 1888 3806 ,
1915 3734 1944 3783 8
