2548 4051
883 307 1356 359 COMMENTARIUS
1392 307 1682 366 QUARTUS.
2178 309 2268 359 135

301 434 412 492 tur,
440 424 556 480 nisi
603 437 675 480 ecc
714 439 820 480 suo
860 424 1020 494 facto
1071 424 1298 498 obligati
1336 426 1466 492 sint,
1515 424 1645 480 item
1691 425 1909 482 feminae
1948 426 2265 500 pupillique

296 506 631 560 eximantur
692 502 937 578 pauculo
1013 505 1346 596 spo-usioniS,
1411 505 1570 577 jubet
1647 512 1835 560 tamen
1903 521 2002 580 eos
2055 507 2268 581 ju1are.

302 591 345 642 1
363 589 487 642 13.
522 585 717 640 Statim
732 592 917 641 autem
948 585 1016 640 ab
1044 585 1201 640 initio
1223 585 1398 658 pluris
1425 603 1589 658 quam
1621 585 1806 658 simpli
1824 586 1960 642 actio
1986 593 2075 642 est
2103 586 2274 642 veluti

298 665 428 722 furti
481 663 753 720 manifesti
817 664 1138 738 quadrupli,
1196 682 1297 720 nec
1355 665 1620 721 manifesti
1681 665 1854 738 dupli,
1912 667 2165 739 concepti
2221 674 2280 722 et

296 745 469 802 oblati
497 745 677 818 tripli:
729 762 855 800 nam
894 763 957 800 ex
998 745 1083 800 his
1122 746 1304 804 causis
1350 755 1403 802 et
1453 746 1578 802 aliis
1617 746 1968 819 quibusdam,
1999 747 2110 802 sive
2145 745 2270 820 quis

293 828 460 904 neget
486 825 602 882 sive
631 825 891 894 fateatur,
920 826 1095 899 pluris
1125 843 1289 900 quam
1321 826 1501 899 simpli
1532 833 1614 882 est
1647 827 1809 882 actio,
1855 881 1862 888 ,

376 910 559 963 114.
592 905 810 961 Actoris
846 923 1064 979 quoque
1079 905 1364 964 calumnia
1393 915 1675 974 coercetur
1689 908 1848 964 modo
1862 907 2149 964 calumniae
2182 909 2276 981 ju-

246 1057 255 1066 *
302 986 466 1055 dicio,
512 986 669 1042 modo
702 986 1001 1055 contrario,
1038 983 1205 1042 'modo
1228 987 1608 1059 jurejurando,
1642 987 1800 1044 modo
1828 987 2250 1061 restipulatione

305 1071 490 1124 115.
525 1066 596 1122 Et
633 1064 853 1139 quidem
882 1067 1177 1124 calumn'iae
1216 1067 1483 1138 judicium
1515 1068 1777 1124 adversus
1809 1084 1998 1124 omnes
2029 1068 2280 1124 actiones

292 1163 465 1203 ocum
511 1146 695 1221 habet,
729 1155 785 1203 et
824 1154 917 1224 est·
952 1147 1179 1203 decimae
1213 1147 1408 1221 partiS,
1443 1151 1828 1221 praeterquam
1870 1149 2026 1220 quod
2061 1148 2200 1204 adve
2221 1166 2284 1203 r-

295 1245 390 1284 sus
418 1227 760 1283 adsertorem
802 1225 978 1283 tertiae.
1001 1229 1169 1302 partis
1194 1235 1294 1283 est.
1380 1234 1420 1283 1
1439 1232 1563 1285 10.
1608 1229 1860 1284 Liberum
1891 1236 1974 1283 est
2007 1236 2189 1284 autem
2216 1229 2284 1284 ei

293 1325 418 1365 cum
448 1325 553 1380 quo
571 1306 772 1381 agitur,
796 1316 890 1363 aut
914 1307 1206 1363 calumniae
1231 1306 1499 1380 judicium
1530 1325 1808 1382 opponere
1856 1318 1946 1364 aut
1979 1309 2260 1381 jusjuran-

291 1388 425 1443 dum
451 1386 690 1459 exigere,
722 1404 831 1442 non
878 1387 1167 1444 calumniae
1206 1404 1375 1462 causa
1412 1405 1596 1460 agere.
1681 1391 1864 1444 111.
1908 1387 2257 1444 Contrarium

289 1474 473 1524 autem
496 1466 765 1540 judicium
816 1485 881 1522 ex
923 1467 1089 1523 certis
1120 1467 1299 1523 causis
1348 1467 1732 1537 constituitur,
1761 1467 1931 1524 veluti
1961 1468 2007 1523 si
2032 1468 2256 1539 injuria-

288 1547 429 1604 rium
471 1555 687 1620 agatur,
728 1555 783 1603 et
828 1547 872 1602 si
917 1565 1040 1604 cum
1090 1548 1321 1603 muliere
1366 1564 1431 1603 eo
1480 1548 1696 1603 nomine
1740 1554 1954 1620 agatur,
2002 1548 2149 1621 quod
2180 1547 2260 1603 di·-

288 1638 452 1685 catur
473 1628 680 1684 ventris
708 1628 929 1684 nomine
952 1627 1011 1683 in
1041 1629 1442 1702 possessionem
1465 1629 1631 1685 missa
1660 1627 1786 1684 dolo
1815 1627 1958 1684 malo
1989 1629 2059 1684 ad
2090 1628 2262 1684 alium

285 1708 692 1782 possessionem
745 1706 1109 1776 transtulisse,
1159 1717 1212 1765 et
1256 1708 1302 1764 si
1351 1709 1472 1782 quis
1523 1727 1586 1764 eo
1646 1709 1863 1765 nomine
1925 1717 2072 1783 agat,
2113 1710 2261 1782 quod
2331 1769 2341 1776 J

289 1790 452 1856 dicat,
485 1807 543 1846 se
567 1807 600 1844 a
630 1788 868 1844 Praetore
900 1789 958 1844 in
987 1789 1392 1863 possessionem
1420 1789 1652 1844 missum
1679 1790 1747 1844 ab
1771 1789 1877 1845 alio
1911 1806 2016 1862 quo
2045 1790 2251 1844 admis-

287 1887 408 1926 sum
430 1887 536 1926 non
564 1886 716 1938 esse3
740 1868 838 1925 sed
862 1869 1123 1925 adversus
1158 1868 1484 1941 injuriarum
1511 1869 1734 1942 quidem
1762 1870 2000 1931 ationem
2032 1869 2258 1926 decimae

289 1951 461 2024 partis
484 1950 669 2019 datur,
702 1949 967 2006 adversus
992 1967 1117 2006 vero
1150 1950 1285 2006 duas
1313 1948 1443 2006 istas
1467 1949 1686 2023 quintae.
1771 1957 1811 2006 1
1830 1954 1954 2007 18.
1999 1949 2251 2010 Severior

286 2040 470 2089 autem
516 2031 777 2087 coercitio
814 2039 893 2087 est
946 2047 1045 2105 per
1086 2031 1421 2087 contrarium
1456 2031 1752 2103 judicium3
1793 2048 1927 2087 nam
1971 2030 2261 2086 calumniae

280 2112 492 2185 judicio
518 2112 744 2168 decimae
784 2112 954 2185 partis
998 2128 1161 2167 nemo
1203 2112 1502 2168 damnatur
1537 2111 1646 2167 nisi
1703 2112 1800 2184 qui
1837 2110 2110 2184 intellegit
2153 2128 2259 2166 non

283 2200 431 2247 recte
457 2210 515 2248 se
542 2208 733 2264 agere,
764 2192 860 2248 sed
890 2192 1120 2248 vexandi
1144 2190 1445 2247 adversarii
1487 2192 1663 2263 gratia
1693 2192 1962 2248 actionem
1996 2190 2252 2258 instituit,

283 2271 575 2346 potiusque
607 2290 670 2329 ex
695 2272 896 2344 judicis
920 2290 1108 2330 errore
1133 2272 1219 2328 vel
1244 2272 1533 2345 iniquitate
1562 2272 1848 2329 victoriam
1875 2280 2064 2345 sperat
2092 2288 2255 2343 quam

282 2370 347 2408 ex
374 2370 538 2409 causa
567 2352 836 2410 veritatis:
864 2353 1138 2411 calumnia
1167 2353 1311 2409 enim
1355 2352 1412 2407 in
1441 2352 1659 2408 adfectu
1687 2360 1788 2422 est,
1823 2353 1968 2407 sicut
1991 2352 2122 2407 furti
2153 2350 2253 2406 cri-

280 2446 434 2489 men:
469 2434 746 2490 contrario
768 2451 899 2489 vero
914 2435 1125 2508 Judicio
1154 2434 1302 2491 omni
1324 2434 1484 2489 modo
1516 2434 1813 2489 damnatur
1840 2441 2014 2501 actor,
2047 2432 2094 2487 si
2126 2448 2252 2487 cau·

282 2530 400 2569 sam
427 2531 537 2570 non
585 2515 846 2594 tenuerit,
887 2514 1015 2570 licet
1044 2514 1229 2587 aliqua
1276 2513 1532 2588 opinione
1579 2513 1836 2569 inductus
1865 2511 2162 2569 crediderit
2195 2529 2256 2567 se

283 2604 435 2652 recte
461 2610 645 2667 agere.

361 2682 401 2731 1
420 2679 546 2732 19.
572 2675 777 2749 Utique
802 2682 988 2733 autem
1005 2693 1070 2733 ex
1094 2676 1294 2749 quihus
1315 2676 1500 2733 causis
1532 2674 1806 2732 contrario
1831 2671 2035 2748 judicio
2051 2675 2148 2747 agi
2171 2690 2263 2747 po·

285 2763 410 2826 test,
442 2756 613 2813 etiam
644 2756 931 2813 calumniae
957 2756 1223 2829 judicium
1252 2758 1433 2815 locum
1463 2757 1656 2826 habet;
1692 2756 1788 2813 sed
1829 2755 2110 2812 alterultro
2136 2762 2261 2811 tan-

284 2836 407 2892 tum
450 2831 661 2911 judicio
690 2853 857 2911 agere
896 2837 1269 2910 permittitur:
1322 2856 1428 2911 qua
1471 2838 1680 2895 ratione
1712 2837 1757 2893 si
1781 2836 2162 2909 jusjurandum
2194 2834 2261 2890 de

283 2915 554 2973 calumnia
571 2926 821 2974 exactum
840 2917 1027 2985 fuerit,
1062 2919 1524 2993 quemadmodum
1553 2917 1840 2975 calumniae
1859 2915 2125 2989 judicium
2155 2932 2260 2970 non

281 2996 460 3067 datur,
493 2997 571 3053 ita
596 3007 651 3054 et
680 2998 1008 3055 contrarium
1053 3016 1161 3055 non
1190 2999 1307 3075 dari
1358 2998 1538 3056 debet.
1585 3002 1770 3054 181).
1805 2995 2256 3073 Restipulationis

280 3094 495 3151 quoque
527 3096 685 3152 poena
716 3097 780 3134 ex
808 3079 972 3135 certis
1002 3079 1177 3135 causis
1212 3080 1332 3135 fieri
1363 3080 1529 3147 solet3
1550 3088 1605 3135 et
1635 3077 2096 3151 quemadmodum
2124 3093 2259 3148 cona

279 3158 451 3214 trano
460 3159 671 3231 Jud1c1o
692 3160 840 3216 omni
856 3159 1015 3216 modo
1039 3160 1435 3216 condemnatur
1451 3169 1625 3228 actor,
1635 3176 1682 3214 st
1697 3175 1917 3214 causam
1937 3175 2043 3213 non
2063 3165 2258 3213 tenue-

278 3239 375 3309 rit,
402 3255 503 3295 nec
531 3238 859 3313 requiritur,
892 3258 962 3297 an
992 3241 1199 3310 scierit,
1219 3258 1328 3297 non
1352 3249 1499 3297 recte
1517 3258 1577 3297 se
1603 3256 1792 3312 agere,
1813 3238 1891 3294 ita
1911 3238 2071 3295 etiam
2097 3238 2257 3293 resti-

276 3318 571 3392 pulationis
594 3337 759 3393 poena
780 3321 927 3377 omni
949 3321 1108 3377 modo
1131 3322 1420 3377 damnatur
1450 3330 1620 3377 actor.
1705 3323 1887 3375 181.
1911 3320 2015 3376 Sed
2042 3334 2166 3375 cum
2190 3317 2258 3370 ab

277 3403 471 3455 actore
519 3416 647 3457 cum
694 3401 1135 3474 restipulationis
1183 3420 1347 3476 poena
1390 3401 1615 3474 petitur,
1665 3400 1730 3465 ei·
1748 3417 1930 3473 neque
1972 3396 2258 3454 calumniae

269 3478 537 3549 Judicium
566 3480 884 3553 opponitur,
907 3498 1089 3555 neque
1109 3482 1480 3554 juriSJurandi
1538 3480 1736 3553 religio
1766 3478 2103 3551 injungitur;
2129 3494 2255 3532 nam

278 3562 613 3615 contrarium
637 3560 907 3633 judicium
936 3562 1000 3618 in
1030 3561 1119 3617 his
1145 3562 1326 3619 causis
1351 3562 1531 3619 locum
1561 3567 1668 3618 n'on
1697 3561 1922 3629 habere,
1941 3557 2122 3632 palam
2148 3559 2253 3623 e'st,

357 3646 397 3695 1
414 3644 543 3697 88.
558 3639 898 3707 Quibusdam
909 3641 1134 3714 ¹iudiciis
1149 3643 1389 3700 damnati
1400 3640 1748 3717 ignominiosi
1769 3639 2081 3709 fiunt,velut
2096 3638 2253 3708 furti,

2177 3918 2262 3989 ..A
