2548 4051
1081 271 1415 326 mumulus
1451 275 1704 325 PRIMUS.
2531 252 2534 284 ⁴

1081 385 1402 445 iibertorum
1451 390 1907 463 libertarumque‚
1958 389 2002 445 si
2047 388 2293 445 intestati

1081 488 1083 521 2
1112 467 1178 523 ad
1205 477 1464 543 patronos
1484 471 1755 527 liberosve
1781 487 1970 525 eorum
1990 469 2291 543 pertinere,

1081 565 1168 603 sse
1183 548 1366 622 legem
1386 552 1549 607 etiam
1570 552 1769 608 tutelas
1792 550 1857 606 ad
1875 567 1968 606 eos
1990 550 2292 623 pertinere,

1081 629 1430 688 hereditatem
1456 632 1690 699 vocavit,
1725 631 1946 687 eosdem
1988 638 2043 687 et
2078 637 2295 686 tutores

1081 832 1084 842 .
1139 797 1324 848 188.
1364 793 1624 868 Exemplo
1654 790 2026 868 patronorum,
2057 798 2292 863 receptae

1081 894 1087 925 r
1129 877 1186 932 et
1233 874 1367 945 ipsoe
1412 875 1670 947 leqitimoe
1711 876 2015 930 vocantur.
2046 873 2195 929 Nam
2236 875 2293 930 si

1081 957 1302 1027 epotam
1331 956 1435 1010 aut
1466 960 1686 1025 neptem
1713 970 1785 1009 eoe
1813 954 1930 1025 filio
1946 956 2000 1009 et
2028 953 2288 1024 deinceps

1081 1034 1226 1102 ledit,
1261 1036 1329 1090 ut
1368 1034 1481 1090 sibi
1533 1035 2043 1104 remanciparetur,
2089 1033 2291 1089 deinde

1081 1119 1290 1172 ztamve
1305 1116 1665 1183 manumisit,
1686 1115 1965 1184 leqitimus
1986 1128 2181 1169 eorum
2195 1115 2289 1168 tu-

1081 1197 1164 1263 lae,
1191 1211 1312 1268 quae
1333 1193 1631 1248 fiduciariae
1656 1202 1937 1260 vocantur,
1954 1193 2010 1248 id
2032 1200 2132 1262 est,
2161 1209 2290 1265 quae.

1081 1274 1192 1347 {uia
1233 1272 1471 1327 liberum
1512 1281 1679 1345 caput
1716 1273 2083 1347 mancipatum
2123 1272 2289 1347 nobis

1081 1353 1379 1426 ptionatore
1412 1352 1907 1408 manumiserimus.
1959 1357 2143 1409 18⁸2.
2178 1353 2288 1409 Sed

1081 1458 1086 1487 ι
1143 1433 1494 1507 impuberum
1546 1432 1724 1490 tutela
1772 1450 1880 1489 non
1936 1433 2078 1487 omni
2121 1432 2287 1489 modo

1081 1514 1311 1580 vertinet,
1336 1531 1435 1570 seu
1458 1513 1528 1572 aa*
1559 1530 1650 1568 eos
1673 1529 1902 1585 quorum
1931 1519 2056 1566 ante
2084 1529 2287 1567 manu-

1081 1595 1216 1650 tium
1246 1594 1488 1663 fuerunt
1508 1611 1527 1649 .·
1554 1594 1708 1649 unde
1736 1593 1787 1648 si
1825 1592 2037 1647 anciila
2060 1607 2121 1645 ex
2148 1591 2286 1663 jure

1081 1672 1122 1729 is
1160 1689 1305 1741 mea,
1337 1690 1369 1728 a
1397 1691 1483 1729 me
1516 1672 1734 1747 quidem
1772 1671 1907 1740 solo,
1954 1688 2062 1726 non
2107 1671 2281 1727 etiam

1081 1753 1178 1808 ieri
1209 1761 1412 1827 potest,
1445 1762 1500 1809 et
1529 1753 1676 1809 bona
1704 1754 1823 1825 ejus
1854 1752 1921 1807 ad
1965 1768 2051 1806 me
2074 1751 2278 1825 ,perti-

1082 1834 1381 1907 competit:
1415 1850 1540 1889 nam
1566 1832 1641 1888 ita
1669 1832 1791 1904 lege
1830 1832 1992 1888 Junia
2016 1839 2274 1886 cavetur:

1082 1931 1116 1967 n
1147 1913 1305 1968 bonis
1338 1922 1394 1968 et
1442 1930 1506 1968 ex
1546 1913 1679 1982 jure
1723 1913 2033 1976 Quiritium
2068 1909 2278 1967 'ancilla

1081 1991 1095 2047 Ι
1126 1992 1375 2049 eumdem
1406 1999 1459 2048 et
1494 1992 1641 2048 bona
1670 2001 1722 2048 ct
1750 1991 1928 2048 tutela
1972 1990 2272 2065 pertinent.
2529 2001 2532 2016 ¹

1081 2072 1159 2128 nis
1186 2081 1240 2129 et
1267 2072 1568 2128 liberorum
1590 2072 1830 2144 capitum
1860 2070 2275 2130 manumissori-

1081 2170 1218 2210 trum
1240 2154 1468 2209 tutelam
1513 2151 1602 2207 alii
1638 2152 1689 2206 in
1725 2154 1852 2224 jure
1894 2152 2125 2219 cedere;
2164 2170 2274 2224 pu·-

1081 2251 1163 2289 ion
1196 2242 1279 2288 est
1298 2232 1621 2306 permissum
1649 2233 1868 2301 cede1·,e
1900 2233 2155 2304 quianon
2185 2231 2267 2286 vi-

1081 2329 1182 2368 ·ore
1213 2313 1514 2385 pubertatis
1545 2314 1782 2369 finiatur.

1081 2391 1250 2448 editur
1292 2392 1483 2460 tutela,
1532 2393 1775 2449 cessitius
1815 2397 1970 2450 tet-tor
2006 2382 2262 2449 vocatur:
2529 2411 2530 2450 ι

1085 2473 1198 2545 pite
1229 2473 1530 2541 deminuto,
1566 2474 1861 2530 revertitur
1892 2474 1959 2529 ad
1982 2490 2105 2529 eum
2130 2479 2267 2529 tuto-

1085 2570 1113 2608 e
1139 2571 1362 2626 quoque
1391 2553 1480 2625 qui
1511 2553 1671 2609 cessit
1699 2553 1744 2608 si
1773 2561 2025 2609 mort-uus
2055 2561 2146 2608 aut
2176 2570 2267 2609 ca-

1081 2633 1255 2687 essitio
1288 2631 1464 2687 tutela
1502 2633 1730 2688 discedit
1779 2634 1832 2687 e't
1868 2633 2162 2688 revertitur
2198 2631 2266 2687 ad

1081 2721 1293 2776 :sserat,
1326 2712 1628 2766 secundum
1656 2711 1886 2783 gradum
1915 2713 1969 2766 in
2001 2730 2067 2767 ea
2099 2711 2266 2767 tutela

1081 2799 1292 2845 dantum
1323 2791 1391 2844 ad
1420 2799 1650 2864 agnatos
1698 2791 1955 2865 pertinet,
1993 2791 2123 2846 nihil
2165 2791 2266 2847 hoc
2527 2845 2528 2858 ,

1081 2870 1404 2942 quaeritur,
1448 2888 1573 2926 cum
1621 2881 1943 2943 agnatorum
1986 2871 2170 2924 tutelae
2210 2872 2265 2926 i'n
2527 2883 2528 2887 ’

1081 2957 1167 3006 21ae
1197 2948 1320 3004 sint.
1410 2955 1592 3008 1⁸22.
1632 2952 1736 3009 Sed
1781 2949 2091 3004 fiduciarios
2122 2967 2262 3022 quo·
2526 2892 2529 3100 ι

1081 3029 1336 3086 cedendae
1370 3030 1553 3085 tutelae
1594 3031 1685 3102 jus
1727 3046 1835 3084 non
1879 3029 2106 3097 habere,
2143 3048 2264 3086 cum

1081 3153 1090 3165 .
1132 3109 1287 3174 Quod
1329 3110 1426 3165 etsi
1460 3110 1690 3183 placeat,
1725 3111 1779 3165 in
1827 3117 2051 3183 parente
2081 3119 2262 3165 tamen

1136 3197 1459 3263 proneptem
1511 3190 1583 3245 alt
1611 3191 1670 3244 eri
1716 3208 1779 3246 ea
1821 3189 1945 3261 lege
1994 3188 2259 3261 mancipio
2525 3235 2526 3266 3

1081 3280 1286 3339 aretur,
1345 3287 1551 3327 remam
1580 3279 1880 3344 natamque
1932 3268 2255 3337 manumisit,
2525 3267 2526 3273 ’

1103 3351 1147 3403 is
1178 3359 1230 3403 et
1258 3315 1520 3422 l'cegitimu
1565 3358 1704 3405 utor
1732 3349 2020 3417 habeatur,
2055 3357 2108 3403 et
2147 3365 2253 3405 non
2524 3275 2527 3466 l

1081 3428 1139 3483 iis
1165 3427 1337 3482 honor
1367 3429 1708 3500 praestandus
1736 3431 1829 3484 sit.

1081 3507 1353 3563 sconsulto
1371 3508 1695 3564 mulieribus
1726 3509 2052 3583 permissum
2083 3517 2162 3564 est
2192 3507 2250 3562 in

1081 3605 1152 3642 im
1178 3593 1401 3660 petere;
1451 3605 1557 3660 quo
1603 3588 1792 3661 petito,
1823 3589 1970 3663 prior
2011 3588 2245 3655 desinit3
