2548 4051
358 208 419 255 60
485 200 494 207 '
919 208 1392 260 COMMENTARIUS
1429 209 1755 260 SECUNDUS.

358 330 421 377 ut
450 322 775 396 legatarium
798 339 915 379 rem
945 341 1164 381 sumere
1190 325 1448 398 patiatur,
1490 323 1621 394 quia
1661 324 1796 378 nihil
1819 325 1964 380 ultra
2002 325 2055 379 ei
2084 333 2331 381 testator

356 402 663 476 imperavit,
699 421 863 476 quam
896 408 959 460 ut
1003 406 1167 473 sinat,
1199 405 1253 460 id
1302 413 1386 460 est
1414 404 1658 476 patiatur
1688 403 2012 476 legatarium
2050 422 2169 459 rem
2222 406 2328 463 sibi

352 482 579 539 habere.
646 489 830 541 9215.
866 482 1038 555 Major
1066 484 1164 540 illa
1191 485 1461 539 dissensio
1494 484 1549 537 in
1579 484 1685 539 hoc
1710 484 1893 557 legato
1921 484 2237 555 intervenit,
2277 488 2327 541 si

355 564 607 619 eamdem
622 580 742 619 rem
757 564 969 620 duobus
980 565 1301 638 pluribusve
1313 564 1637 635 disjunctim
1651 563 1847 637 legasti
1866 583 1877 618 :
1897 565 2121 637 quidam
2135 575 2331 638 putant

351 644 600 717 utrisque
658 644 888 700 solidam
918 644 1145 712 deberi,
1187 644 1329 699 sicut
1383 660 1483 716 per
1544 643 2000 700 vindicationem*
2033 645 2327 702 :nonnulli

314 777 321 781 .
353 725 662 797 occupantis
696 743 821 780 esse
853 723 1137 779 meliorem
1175 722 1541 778 conditionem
1578 723 1876 793 aestimant,
1929 724 2060 796 quia
2104 742 2229 779 cum
2258 742 2325 781 eo

353 820 554 875 genere
583 805 751 877 legati
788 804 1073 859 damnetur
1116 803 1281 858 heres
1317 801 1637 875 patientiam
1672 811 1961 875 praestare,
2010 811 2071 858 ut
2114 804 2325 877 legata-

349 882 465 939 rius
484 902 599 940 rem
624 885 841 951 habeat,
877 884 1145 956 sequitur,
1177 890 1238 937 ut
1271 882 1316 937 si
1355 881 1532 955 priori
1559 882 1882 954 patientiam
1913 883 2237 956 praestiterit
2265 892 2326 940 et

348 962 396 1018 is
418 980 536 1019 rem
567 964 880 1036 sumpserit,
912 980 1142 1019 securus
1173 964 1244 1017 sit
1265 962 1530 1017 adversus
1560 979 1685 1017 eum
1717 964 1812 1035 qui
1843 970 2034 1037 postea
2075 964 2325 1036 legatum

346 1042 585 1114 petierit,
622 1044 748 1116 quia
778 1060 958 1119 neque
1003 1043 1169 1098 habet
1221 1059 1359 1110 rem,
1392 1049 1454 1097 ut
1486 1042 1725 1115 patiatur
1775 1060 1896 1098 eam
1939 1044 2010 1098 ab
2049 1060 2113 1098 eo
2147 1044 2317 1113 sumi,

346 1138 523 1194 neque
566 1122 689 1178 dolo
729 1124 868 1179 malo
902 1122 1031 1178 fecit
1068 1122 1359 1195 quominus
1401 1135 1521 1177 eam
1567 1140 1683 1177 rem
1732 1122 1982 1179 haberet.

420 1205 603 1257 ²18.
621 1203 731 1276 Per
748 1202 1170 1279 praeceptionem
1197 1201 1303 1256 hoe
1325 1202 1749 1273 modolegamus
1777 1219 1790 1255 :
1810 1218 1858 1256 L.
1877 1217 2051 1258 rmus
2070 1218 2320 1259 ΗοΜιΝΕΜ

347 1294 576 1337 STICHUM
607 1297 929 1339 PRAE01P1T0.
975 1288 1076 1339 21
1095 1286 1160 1337 ¹².
1189 1281 1295 1336 Sed
1339 1280 1511 1335 nostri
1542 1280 1762 1352 quidem
1782 1291 2151 1355 praeceptores
2181 1284 2320 1338 nulli

345 1359 438 1415 alii
482 1379 543 1417 eo
596 1365 756 1419 modo
799 1362 971 1435 legari
1016 1378 1177 1434 posse
1221 1368 1438 1433 putant,
1472 1360 1579 1415 nisi
1615 1360 1666 1415 ei
1708 1363 1801 1434 qui
1846 1362 2031 1434 aliqua
2059 1380 2125 1417 ex
2154 1372 2316 1434 parte

344 1438 506 1497 heres
542 1442 774 1513 scriptus
806 1445 956 1497 esset
986 1458 998 1495 t
1033 1439 1334 1513 praecipere
1363 1439 1510 1495 enim
1548 1456 1671 1495 esse
1701 1442 2041 1513 praecipuum
2065 1460 2312 1512 sumere3

344 1521 488 1590 quod
516 1528 725 1576 tantum
756 1522 812 1576 in
841 1522 956 1593 ejus
989 1537 1220 1593 persona
1244 1520 1494 1592 procedit
1524 1519 1616 1592 qui
1646 1520 1833 1592 aliqua
1866 1539 1930 1575 ex
1961 1530 2117 1594 parte
2151 1522 2315 1578 heres

341 1597 625 1656 institutus
657 1610 756 1667 est,
785 1602 929 1673 quod
974 1602 1022 1655 is
1069 1607 1221 1654 extra
1259 1600 1568 1672 portionem
1593 1599 1930 1654 'hereditatis
1970 1600 2314 1673 praecipuum

340 1677 581 1750 legatum
635 1680 915 1736 habiturus
974 1679 1063 1734 sit.
1156 1685 1342 1736 218.
1392 1679 1634 1753 Ideoque
1684 1679 1729 1733 si
1769 1688 2028 1734 extraneo
2068 1680 2315 1753 legatum

338 1757 523 1826 fuerit,
565 1760 758 1815 inutile
797 1767 883 1815 est
924 1759 1192 1831 legatum,
1236 1760 1373 1816 adeo
1416 1768 1477 1815 ut
1529 1760 1760 1815 Sabinus
1807 1759 2199 1815 existimaverit
2239 1779 2314 1816 ne

340 1837 561 1908 quidem
587 1857 651 1893 ex
671 1844 905 1897 senatus
936 1840 1184 1896 consulto
1206 1839 1509 1896 Neroniano
1539 1856 1703 1911 posse
1733 1839 2150 1895 convalescere:
2184 1858 2311 1896 nam

339 1934 424 1986 ec,
477 1918 672 1991 inquit,
704 1920 1188 1976 senatusconsulto
1245 1937 1311 1976 ea
1353 1927 1565 1974 tantum
1606 1918 1996 1974 confirmantur
2023 1936 2146 1991 quae
2187 1937 2311 1975 ver-

338 1996 532 2054 borum
571 2000 701 2056 vitio
735 2001 860 2073 jure
915 2000 1057 2056 civili
1118 2017 1226 2057 non
1271 2000 1477 2068 valent,
1526 2015 1633 2054 non
1684 2014 1810 2072 quae
1850 2007 2078 2073 propter
2134 2000 2312 2073 ipsam

337 2095 636 2149 personam
666 2079 924 2153 legatarii
953 2098 1061 2136 non
1103 2081 1453 2136 deberentur.
1489 2080 1593 2136 Sed
1634 2079 1854 2135 Juliano
1898 2088 1953 2135 et
1999 2082 2160 2137 Sexto
2189 2082 2311 2154 pla—

336 2157 450 2213 cuit
506 2161 667 2214 etiam
713 2162 815 2215 hoc
854 2179 982 2216 casu
1029 2179 1094 2216 ex
1148 2160 1619 2217 senatusconsulto
1675 2161 1983 2216 confirmari
2042 2160 2307 2234 legatum,

337 2253 461 2290 nam
494 2255 558 2292 ex
586 2240 772 2294 verbis
799 2241 967 2296 etiarn
1000 2241 1102 2295 hoc
1132 2257 1263 2313 casu
1294 2241 1565 2310 accidere,
1592 2249 1651 2295 ut
1674 2241 1805 2312 jure
1832 2229 1976 2295 civssi
2006 2240 2201 2296 inutile
2234 2243 2309 2298 sit

332 2311 596 2387 legatum,
631 2320 762 2374 inde
791 2319 1133 2374 manifestum
1164 2337 1307 2387 esse,
1338 2321 1482 2392 quod
1524 2320 1705 2375 eidem
1753 2320 1878 2376 aliis
1921 2320 2108 2376 verbis
2156 2331 2308 2378 recte

332 2393 580 2468 legatur,
629 2399 797 2469 veluti
853 2416 951 2472 per
988 2399 1439 2468 vindicationem,
1467 2417 1573 2472 per
1618 2400 2041 2467 damnationem,
2090 2401 2306 2457 sinendi

332 2477 529 2546 modo;
583 2485 713 2533 tunc
760 2487 940 2534 autem
976 2479 1102 2535 vitio
1142 2497 1396 2553 personae
1428 2479 1672 2551 legatum
1704 2497 1814 2535 non
1844 2479 2047 2546 valere,
2092 2498 2218 2535 cum
2252 2482 2305 2536 ei

332 2554 574 2628 legatum
624 2559 693 2614 sit
731 2561 816 2614 cui
872 2559 1021 2614 nullo
1082 2561 1242 2616 modo
1290 2559 1464 2632 legari
1506 2561 1708 2632 possit,
1758 2560 1911 2614 velut
1955 2561 2303 2633 preregrin0‚

332 2653 452 2691 cum
503 2655 611 2711 quo
660 2639 972 2695 testamenti
1002 2641 1165 2696 factio
1195 2658 1304 2696 non
1349 2640 1442 2710 sit;
1493 2657 1599 2714 quo
1650 2639 1809 2712 plane
1867 2657 1997 2694 casu
2055 2648 2303 2697 senatus-

331 2719 574 2772 consulto
619 2717 772 2773 locus
806 2736 915 2774 non
952 2730 1055 2776 est.

402 2802 586 2853 9210.
618 2797 752 2852 Item
783 2799 959 2853 nostri
978 2807 1349 2871 praeceptores
1366 2798 1515 2873 quod
1540 2799 1619 2854 ita
1646 2800 1886 2872 legatum
1916 2809 1995 2856 est
2010 2801 2303 2858 nullaalz'a

328 2877 539 2933 ratione
573 2883 762 2951 putant
780 2895 944 2950 posse
973 2878 1236 2950 consequi
1264 2896 1387 2935 eum
1420 2879 1507 2933 cui
1537 2879 1615 2934 ita
1643 2880 1813 2936 tuerit
1841 2879 2103 2952 legatum,
2133 2899 2300 2954 quam

320 2951 532 3027 judicio
583 2956 802 3013 familiae
845 2957 1200 3027 erciscundae,
1247 2960 1393 3031 quod
1431 2958 1574 3014 inter
1611 2959 1843 3016 heredes
1883 2960 1951 3014 de
1991 2960 2299 3016 hereditate

327 3037 664 3105 erciscunda‚
711 3037 767 3092 id
811 3045 891 3092 est
942 3037 1256 3106 dividunda,
1293 3039 1465 3112 accipi
1511 3038 1679 3095 solet:
1715 3040 1887 3094 officio
1926 3041 2070 3094 enim
2092 3041 2298 3113 judicis

323 3114 377 3169 id
409 3118 698 3186 contineri,
731 3125 793 3173 ut
825 3118 873 3173 ei
904 3118 1048 3189 quod
1076 3135 1176 3191 per
1207 3117 1631 3191 praeceptionem
1663 3119 1910 3190 legatum
1944 3129 2046 3189 est,
2082 3115 2296 3192 adjudi-

324 3203 499 3252 cetur.
581 3203 764 3255 221).
811 3199 962 3255 Unde
1000 3198 1375 3271 intellegimus
1393 3198 1525 3253 nihil
1550 3199 1720 3267 aliud,
1750 3200 2049 3256 secundum
2074 3208 2299 3256 nostro-

324 3291 448 3330 rum
495 3285 892 3350 praeceptorum
948 3279 1282 3353 opinionem,
1310 3296 1413 3352 per
1450 3279 1875 3352 praeceptionem
1923 3276 2096 3350 legari
2127 3296 2295 3351 posse

384 3474 427 3521 1.
459 3475 538 3522 Sic
565 3474 617 3522 in
639 3466 922 3535 apographo
953 3474 1304 3525 Studeinundi.
1326 3475 1500 3526 Gaium
1520 3489 1632 3526 vero
1660 3489 1748 3540 per
1774 3476 2143 3527 damnationem
2171 3477 2291 3528 scri-

324 3544 439 3592 bere
469 3545 684 3594 voluisse
714 3545 881 3607 palam
907 3548 996 3593 est.
