<?xml version="1.0" encoding="UTF-8"?>
<!DOCTYPE html PUBLIC "-//W3C//DTD XHTML 1.0 Transitional//EN"
    "http://www.w3.org/TR/xhtml1/DTD/xhtml1-transitional.dtd">
<html xmlns="http://www.w3.org/1999/xhtml" xml:lang="en" lang="en">
 <head>
  <title>
</title>
<meta http-equiv="Content-Type" content="text/html;charset=utf-8" />
  <meta name='ocr-system' content='tesseract 3.04.00' />
  <meta name='ocr-capabilities' content='ocr_page ocr_carea ocr_par ocr_line ocrx_word'/>
</head>
<body>
  <div class='ocr_page' id='page_1' title='image "./gaiiinstitution00giragoog_0030.png"; bbox 0 0 2548 4051; ppageno 0'>
   <div class='ocr_carea' id='block_1_1' title="bbox 2149 0 2484 44">
    <p class='ocr_par' dir='ltr' id='par_1_1' title="bbox 2149 0 2484 44">
     <span class='ocr_line' id='line_1_1' title="bbox 2149 0 2484 44; baseline 0.009 -15"><span class='ocrx_word' id='word_1_1' title='bbox 2149 0 2323 44; x_wconf 52' lang='grc' dir='ltr'>,πῖ-ιρι</span> <span class='ocrx_word' id='word_1_2' title='bbox 2343 1 2399 43; x_wconf 60' lang='lat'>⁷3⁴³</span> <span class='ocrx_word' id='word_1_3' title='bbox 2437 0 2484 30; x_wconf 47' lang='lat'>22⁷·</span> 
     </span>
    </p>
   </div>
   <div class='ocr_carea' id='block_1_2' title="bbox 1118 258 1756 312">
    <p class='ocr_par' dir='ltr' id='par_1_2' title="bbox 1118 258 1756 312">
     <span class='ocr_line' id='line_1_2' title="bbox 1118 258 1756 312; baseline -0.005 -1"><span class='ocrx_word' id='word_1_4' title='bbox 1118 262 1460 312; x_wconf 81' lang='lat' dir='ltr'><strong>MENTARIUS</strong></span> <span class='ocrx_word' id='word_1_5' title='bbox 1507 258 1756 310; x_wconf 77' lang='lat' dir='ltr'>PRIMUS.</span> 
     </span>
    </p>
   </div>
   <div class='ocr_carea' id='block_1_3' title="bbox 1118 373 2364 1172">
    <p class='ocr_par' dir='ltr' id='par_1_3' title="bbox 1118 373 2364 1172">
     <span class='ocr_line' id='line_1_3' title="bbox 1132 373 2364 451; baseline -0.002 -19"><span class='ocrx_word' id='word_1_6' title='bbox 1132 377 1366 433; x_wconf 80' lang='lat' dir='ltr'>inferius</span> <span class='ocrx_word' id='word_1_7' title='bbox 1408 376 1720 451; x_wconf 84' lang='lat' dir='ltr'>apparebit.</span> <span class='ocrx_word' id='word_1_8' title='bbox 1764 379 1966 431; x_wconf 78' lang='lat'>115⁸.</span> <span class='ocrx_word' id='word_1_9' title='bbox 1997 373 2143 431; x_wconf 85' lang='lat' dir='ltr'><strong>Olim</strong></span> <span class='ocrx_word' id='word_1_10' title='bbox 2177 373 2364 430; x_wconf 84' lang='lat' dir='ltr'>etiam</span> 
     </span>
     <span class='ocr_line' id='line_1_4' title="bbox 1123 456 2363 530; baseline -0.004 -16"><span class='ocrx_word' id='word_1_11' title='bbox 1123 477 1155 514; x_wconf 88' lang='lat' dir='ltr'>a</span> <span class='ocrx_word' id='word_1_12' title='bbox 1191 458 1481 514; x_wconf 82' lang='lat' dir='ltr'>fiduciaria</span> <span class='ocrx_word' id='word_1_13' title='bbox 1508 457 1675 512; x_wconf 83' lang='lat' dir='ltr'>fiebat</span> <span class='ocrx_word' id='word_1_14' title='bbox 1705 457 2006 530; x_wconf 81' lang='lat' dir='ltr'>coemptio:</span> <span class='ocrx_word' id='word_1_15' title='bbox 2036 464 2165 512; x_wconf 90' lang='lat' dir='ltr'>tunc</span> <span class='ocrx_word' id='word_1_16' title='bbox 2202 456 2363 510; x_wconf 87' lang='lat' dir='ltr'>enim</span> 
     </span>
     <span class='ocr_line' id='line_1_5' title="bbox 1118 536 2364 607; baseline -0.004 -13"><span class='ocrx_word' id='word_1_17' title='bbox 1118 538 1306 594; x_wconf 63' lang='lat' dir='ltr'>amenti</span> <span class='ocrx_word' id='word_1_18' title='bbox 1358 536 1592 593; x_wconf 87' lang='lat' dir='ltr'>faciendi</span> <span class='ocrx_word' id='word_1_19' title='bbox 1627 536 1719 605; x_wconf 83' lang='lat' dir='ltr'>jus</span> <span class='ocrx_word' id='word_1_20' title='bbox 1760 536 2060 604; x_wconf 88' lang='lat' dir='ltr'>habebant,</span> <span class='ocrx_word' id='word_1_21' title='bbox 2104 536 2364 607; x_wconf 85' lang='lat' dir='ltr'>exceptis</span> 
     </span>
     <span class='ocr_line' id='line_1_6' title="bbox 1118 615 2363 690; baseline -0.002 -18"><span class='ocrx_word' id='word_1_22' title='bbox 1118 636 1222 674; x_wconf 85' lang='lat' dir='ltr'>iam</span> <span class='ocrx_word' id='word_1_23' title='bbox 1270 618 1318 674; x_wconf 92' lang='lat' dir='ltr'>si</span> <span class='ocrx_word' id='word_1_24' title='bbox 1360 616 1759 690; x_wconf 80' lang='lat' dir='ltr'>coemptionem</span> <span class='ocrx_word' id='word_1_25' title='bbox 1793 615 2072 683; x_wconf 86' lang='lat' dir='ltr'>fecissent,</span> <span class='ocrx_word' id='word_1_26' title='bbox 2122 632 2363 670; x_wconf 80' lang='lat' dir='ltr'>reman-</span> 
     </span>
     <span class='ocr_line' id='line_1_7' title="bbox 1118 696 2360 764; baseline -0.005 -9"><span class='ocrx_word' id='word_1_27' title='bbox 1118 717 1143 755; x_wconf 86' lang='lat' dir='ltr'>e</span> <span class='ocrx_word' id='word_1_28' title='bbox 1177 698 1442 764; x_wconf 78' lang='lat' dir='ltr'>fuissent3</span> <span class='ocrx_word' id='word_1_29' title='bbox 1488 698 1593 752; x_wconf 86' lang='lat' dir='ltr'>sed</span> <span class='ocrx_word' id='word_1_30' title='bbox 1628 696 1772 752; x_wconf 87' lang='lat' dir='ltr'>hanc</span> <span class='ocrx_word' id='word_1_31' title='bbox 1807 696 2194 752; x_wconf 85' lang='lat' dir='ltr'>necessitatem</span> <span class='ocrx_word' id='word_1_32' title='bbox 2253 711 2360 750; x_wconf 89' lang='lat' dir='ltr'>co-</span> 
     </span>
     <span class='ocr_line' id='line_1_8' title="bbox 1142 775 2359 834; baseline -0.003 0"><span class='ocrx_word' id='word_1_33' title='bbox 1142 779 1468 834; x_wconf 80' lang='lat' dir='ltr'>auctoritate</span> <span class='ocrx_word' id='word_1_34' title='bbox 1526 775 1635 831; x_wconf 89' lang='lat' dir='ltr'>divi</span> <span class='ocrx_word' id='word_1_35' title='bbox 1678 775 1937 832; x_wconf 86' lang='lat' dir='ltr'>Hadriani</span> <span class='ocrx_word' id='word_1_36' title='bbox 1995 785 2215 832; x_wconf 86' lang='lat' dir='ltr'>senatus</span> <span class='ocrx_word' id='word_1_37' title='bbox 2262 792 2359 831; x_wconf 82' lang='lat' dir='ltr'>re-</span> 
     </span>
     <span class='ocr_line' id='line_1_9' title="bbox 1152 856 2352 930; baseline -0.004 -16"><span class='ocrx_word' id='word_1_38' title='bbox 1152 859 1273 930; x_wconf 79' lang='lat' dir='ltr'>ipso</span> <span class='ocrx_word' id='word_1_39' title='bbox 1311 858 1441 930; x_wconf 73' lang='lat' dir='ltr'>Jure</span> <span class='ocrx_word' id='word_1_40' title='bbox 1489 856 1720 913; x_wconf 83' lang='lat' dir='ltr'>feminae</span> <span class='ocrx_word' id='word_1_41' title='bbox 1776 859 1965 928; x_wconf 79' lang='lat' dir='ltr'>capite</span> <span class='ocrx_word' id='word_1_42' title='bbox 2013 858 2352 918; x_wconf 61' lang='lat' dir='ltr'>deminutae.</span> 
     </span>
     <span class='ocr_line' id='line_1_10' title="bbox 1118 937 2355 1011; baseline 0.005 -16"><span class='ocrx_word' id='word_1_43' title='bbox 1118 955 1154 995; x_wconf 62' lang='grc' dir='ltr'><em>Ὺ</em></span> <span class='ocrx_word' id='word_1_44' title='bbox 1200 939 1414 994; x_wconf 77' lang='lat' dir='ltr'>fiduciae</span> <span class='ocrx_word' id='word_1_45' title='bbox 1472 954 1634 993; x_wconf 87' lang='lat' dir='ltr'>causa</span> <span class='ocrx_word' id='word_1_46' title='bbox 1683 953 1807 993; x_wconf 89' lang='lat' dir='ltr'>cum</span> <span class='ocrx_word' id='word_1_47' title='bbox 1835 937 1957 993; x_wconf 82' lang='lat' dir='ltr'>viro</span> <span class='ocrx_word' id='word_1_48' title='bbox 1989 953 2093 994; x_wconf 82' lang='lat' dir='ltr'>suo</span> <span class='ocrx_word' id='word_1_49' title='bbox 2138 941 2355 1011; x_wconf 76' lang='lat' dir='ltr'>fecerit</span> 
     </span>
     <span class='ocr_line' id='line_1_11' title="bbox 1118 1017 2348 1090; baseline 0.003 -15"><span class='ocrx_word' id='word_1_50' title='bbox 1118 1038 1169 1075; x_wconf 75' lang='lat' dir='ltr'>is</span> <span class='ocrx_word' id='word_1_51' title='bbox 1196 1018 1323 1073; x_wconf 81' lang='lat' dir='ltr'>filiae</span> <span class='ocrx_word' id='word_1_52' title='bbox 1347 1019 1464 1077; x_wconf 90' lang='lat' dir='ltr'>loco</span> <span class='ocrx_word' id='word_1_53' title='bbox 1490 1017 1684 1090; x_wconf 85' lang='lat' dir='ltr'>incipit</span> <span class='ocrx_word' id='word_1_54' title='bbox 1707 1020 1830 1072; x_wconf 80' lang='lat' dir='ltr'>es&#39;se</span> <span class='ocrx_word' id='word_1_55' title='bbox 1857 1035 1869 1071; x_wconf 76' lang='grc' dir='ltr'><strong><em>ε</em></strong></span> <span class='ocrx_word' id='word_1_56' title='bbox 1902 1034 2026 1072; x_wconf 86' lang='lat' dir='ltr'>nam</span> <span class='ocrx_word' id='word_1_57' title='bbox 2053 1018 2102 1072; x_wconf 91' lang='lat' dir='ltr'>si</span> <span class='ocrx_word' id='word_1_58' title='bbox 2124 1025 2348 1079; x_wconf 87' lang='lat' dir='ltr'>omnino</span> 
     </span>
     <span class='ocr_line' id='line_1_12' title="bbox 1118 1096 2349 1172; baseline 0.003 -19"><span class='ocrx_word' id='word_1_59' title='bbox 1118 1099 1169 1154; x_wconf 88' lang='lat' dir='ltr'>in</span> <span class='ocrx_word' id='word_1_60' title='bbox 1209 1115 1373 1154; x_wconf 88' lang='lat' dir='ltr'>manu</span> <span class='ocrx_word' id='word_1_61' title='bbox 1410 1097 1516 1153; x_wconf 83' lang='lat' dir='ltr'>viri</span> <span class='ocrx_word' id='word_1_62' title='bbox 1549 1097 1641 1164; x_wconf 91' lang='lat' dir='ltr'>sit,</span> <span class='ocrx_word' id='word_1_63' title='bbox 1677 1096 1886 1169; x_wconf 86' lang='lat' dir='ltr'>placuit</span> <span class='ocrx_word' id='word_1_64' title='bbox 1917 1114 2037 1152; x_wconf 84' lang='lat' dir='ltr'>eam</span> <span class='ocrx_word' id='word_1_65' title='bbox 2065 1097 2192 1155; x_wconf 84' lang='lat' dir='ltr'>filiae</span> <span class='ocrx_word' id='word_1_66' title='bbox 2212 1102 2349 1172; x_wconf 83' lang='lat' dir='ltr'>jura</span> 
     </span>
    </p>
   </div>
   <div class='ocr_carea' id='block_1_4' title="bbox 1118 1258 2345 3647">
    <p class='ocr_par' dir='ltr' id='par_1_4' title="bbox 1118 1258 2345 3647">
     <span class='ocr_line' id='line_1_13' title="bbox 1118 1258 2345 1333; baseline 0.003 -22"><span class='ocrx_word' id='word_1_67' title='bbox 1118 1275 1378 1326; x_wconf 75' lang='lat' dir='ltr'>muamus,</span> <span class='ocrx_word' id='word_1_68' title='bbox 1413 1274 1534 1331; x_wconf 84' lang='lat' dir='ltr'>quae</span> <span class='ocrx_word' id='word_1_69' title='bbox 1561 1275 1812 1331; x_wconf 84' lang='lat' dir='ltr'>personae</span> <span class='ocrx_word' id='word_1_70' title='bbox 1833 1258 1889 1314; x_wconf 89' lang='lat' dir='ltr'>in</span> <span class='ocrx_word' id='word_1_71' title='bbox 1911 1259 2179 1333; x_wconf 85' lang='lat' dir='ltr'>mancipio</span> <span class='ocrx_word' id='word_1_72' title='bbox 2204 1261 2345 1317; x_wconf 78' lang='lat' dir='ltr'>sint.</span> 
     </span>
     <span class='ocr_line' id='line_1_14' title="bbox 1118 1339 2345 1410; baseline 0.004 -17"><span class='ocrx_word' id='word_1_73' title='bbox 1118 1355 1364 1394; x_wconf 70' lang='lat' dir='ltr'>&gt;erorum</span> <span class='ocrx_word' id='word_1_74' title='bbox 1410 1355 1696 1410; x_wconf 78' lang='lat' dir='ltr'>personae,</span> <span class='ocrx_word' id='word_1_75' title='bbox 1735 1339 1846 1394; x_wconf 90' lang='lat' dir='ltr'>sive</span> <span class='ocrx_word' id='word_1_76' title='bbox 1897 1341 2181 1404; x_wconf 84' lang='lat' dir='ltr'>masculini</span> <span class='ocrx_word' id='word_1_77' title='bbox 2225 1341 2345 1398; x_wconf 85' lang='lat' dir='ltr'>sive</span> 
     </span>
     <span class='ocr_line' id='line_1_15' title="bbox 1139 1419 2342 1493; baseline 0.004 -20"><span class='ocrx_word' id='word_1_78' title='bbox 1139 1425 1412 1492; x_wconf 82' lang='lat' dir='ltr'>potestate</span> <span class='ocrx_word' id='word_1_79' title='bbox 1469 1419 1712 1491; x_wconf 85' lang='lat' dir='ltr'>parentis</span> <span class='ocrx_word' id='word_1_80' title='bbox 1759 1426 1903 1488; x_wconf 86' lang='lat' dir='ltr'>sunt,</span> <span class='ocrx_word' id='word_1_81' title='bbox 1941 1420 2244 1493; x_wconf 84' lang='lat' dir='ltr'>mancipari</span> <span class='ocrx_word' id='word_1_82' title='bbox 2269 1423 2342 1478; x_wconf 87' lang='lat' dir='ltr'>ab</span> 
     </span>
     <span class='ocr_line' id='line_1_16' title="bbox 1118 1499 2339 1573; baseline 0.003 -19"><span class='ocrx_word' id='word_1_83' title='bbox 1118 1507 1168 1567; x_wconf 84' lang='lat' dir='ltr'>t,</span> <span class='ocrx_word' id='word_1_84' title='bbox 1219 1517 1326 1572; x_wconf 89' lang='lat' dir='ltr'>quo</span> <span class='ocrx_word' id='word_1_85' title='bbox 1357 1499 1522 1553; x_wconf 86' lang='lat' dir='ltr'>etiam</span> <span class='ocrx_word' id='word_1_86' title='bbox 1557 1499 1699 1555; x_wconf 82' lang='lat' dir='ltr'>servi</span> <span class='ocrx_word' id='word_1_87' title='bbox 1733 1499 2029 1572; x_wconf 87' lang='lat' dir='ltr'>mancipari</span> <span class='ocrx_word' id='word_1_88' title='bbox 2071 1510 2339 1573; x_wconf 86' lang='lat' dir='ltr'>possunt.</span> 
     </span>
     <span class='ocr_line' id='line_1_17' title="bbox 1142 1579 2336 1651; baseline 0.003 -18"><span class='ocrx_word' id='word_1_89' title='bbox 1142 1596 1332 1634; x_wconf 88' lang='lat' dir='ltr'>earum</span> <span class='ocrx_word' id='word_1_90' title='bbox 1362 1579 1637 1651; x_wconf 82' lang='lat' dir='ltr'>personiS,</span> <span class='ocrx_word' id='word_1_91' title='bbox 1689 1596 1814 1651; x_wconf 83' lang='lat' dir='ltr'>quae</span> <span class='ocrx_word' id='word_1_92' title='bbox 1855 1579 1912 1634; x_wconf 90' lang='lat' dir='ltr'>in</span> <span class='ocrx_word' id='word_1_93' title='bbox 1944 1596 2105 1635; x_wconf 86' lang='lat' dir='ltr'>manu</span> <span class='ocrx_word' id='word_1_94' title='bbox 2155 1589 2289 1637; x_wconf 91' lang='lat' dir='ltr'>sunt</span> <span class='ocrx_word' id='word_1_95' title='bbox 2324 1601 2336 1636; x_wconf 91' lang='lat'>:</span> 
     </span>
     <span class='ocr_line' id='line_1_18' title="bbox 1123 1659 2336 1733; baseline 0.003 -19"><span class='ocrx_word' id='word_1_96' title='bbox 1123 1659 1369 1714; x_wconf 86' lang='lat' dir='ltr'>atoribus</span> <span class='ocrx_word' id='word_1_97' title='bbox 1415 1659 1610 1714; x_wconf 90' lang='lat' dir='ltr'>eodem</span> <span class='ocrx_word' id='word_1_98' title='bbox 1639 1660 1798 1715; x_wconf 90' lang='lat' dir='ltr'>modo</span> <span class='ocrx_word' id='word_1_99' title='bbox 1834 1669 2060 1733; x_wconf 89' lang='lat' dir='ltr'>possunt</span> <span class='ocrx_word' id='word_1_100' title='bbox 2103 1664 2336 1718; x_wconf 65' lang='lat' dir='ltr'>vianci-</span> 
     </span>
     <span class='ocr_line' id='line_1_19' title="bbox 1122 1740 2338 1812; baseline 0.003 -18"><span class='ocrx_word' id='word_1_101' title='bbox 1122 1755 1149 1794; x_wconf 84' lang='lat' dir='ltr'>e</span> <span class='ocrx_word' id='word_1_102' title='bbox 1172 1741 1432 1809; x_wconf 80' lang='lat' dir='ltr'>possunt,</span> <span class='ocrx_word' id='word_1_103' title='bbox 1453 1740 1516 1794; x_wconf 80' lang='lat' dir='ltr'>in</span> <span class='ocrx_word' id='word_1_104' title='bbox 1535 1743 1763 1796; x_wconf 76' lang='lat' dir='ltr'>tantum</span> <span class='ocrx_word' id='word_1_105' title='bbox 1781 1740 2025 1812; x_wconf 86' lang='lat' dir='ltr'>quidem,</span> <span class='ocrx_word' id='word_1_106' title='bbox 2050 1744 2116 1796; x_wconf 81' lang='lat' dir='ltr'>ut</span> <span class='ocrx_word' id='word_1_107' title='bbox 2133 1757 2338 1812; x_wconf 79' lang='lat' dir='ltr'>quam-</span> 
     </span>
     <span class='ocr_line' id='line_1_20' title="bbox 1118 1817 2338 1893; baseline 0.002 -20"><span class='ocrx_word' id='word_1_108' title='bbox 1118 1818 1437 1874; x_wconf 81' lang='lat' dir='ltr'>tionatorem</span> <span class='ocrx_word' id='word_1_109' title='bbox 1471 1817 1602 1874; x_wconf 79' lang='lat' dir='ltr'>filiae</span> <span class='ocrx_word' id='word_1_110' title='bbox 1633 1818 1752 1875; x_wconf 91' lang='lat' dir='ltr'>loco</span> <span class='ocrx_word' id='word_1_111' title='bbox 1792 1819 1882 1887; x_wconf 89' lang='lat' dir='ltr'>sit,</span> <span class='ocrx_word' id='word_1_112' title='bbox 1923 1836 2044 1890; x_wconf 82' lang='lat' dir='ltr'>quoe</span> <span class='ocrx_word' id='word_1_113' title='bbox 2083 1836 2134 1875; x_wconf 71' lang='lat' dir='ltr'>et</span> <span class='ocrx_word' id='word_1_114' title='bbox 2165 1829 2338 1893; x_wconf 88' lang='lat' dir='ltr'>nupta</span> 
     </span>
     <span class='ocr_line' id='line_1_21' title="bbox 1118 1898 2336 1971; baseline 0.003 -19"><span class='ocrx_word' id='word_1_115' title='bbox 1118 1899 1265 1953; x_wconf 64' lang='lat' dir='ltr'>ztiam</span> <span class='ocrx_word' id='word_1_116' title='bbox 1315 1915 1437 1970; x_wconf 79' lang='lat' dir='ltr'>quae</span> <span class='ocrx_word' id='word_1_117' title='bbox 1480 1898 1532 1953; x_wconf 90' lang='lat' dir='ltr'>ei</span> <span class='ocrx_word' id='word_1_118' title='bbox 1559 1902 1731 1971; x_wconf 84' lang='lat' dir='ltr'>nupta</span> <span class='ocrx_word' id='word_1_119' title='bbox 1771 1914 1879 1954; x_wconf 90' lang='lat' dir='ltr'>non</span> <span class='ocrx_word' id='word_1_120' title='bbox 1910 1901 1982 1954; x_wconf 81' lang='lat' dir='ltr'>sit</span> <span class='ocrx_word' id='word_1_121' title='bbox 2025 1916 2127 1955; x_wconf 88' lang='lat' dir='ltr'>nec</span> <span class='ocrx_word' id='word_1_122' title='bbox 2171 1901 2241 1956; x_wconf 90' lang='lat' dir='ltr'>ob</span> <span class='ocrx_word' id='word_1_123' title='bbox 2275 1901 2336 1956; x_wconf 90' lang='lat' dir='ltr'>id</span> 
     </span>
     <span class='ocr_line' id='line_1_22' title="bbox 1118 1976 2333 2052; baseline 0.004 -21"><span class='ocrx_word' id='word_1_124' title='bbox 1118 1976 1305 2050; x_wconf 79' lang='lat' dir='ltr'>icipari</span> <span class='ocrx_word' id='word_1_125' title='bbox 1334 1977 1524 2050; x_wconf 86' lang='lat' dir='ltr'>possit.</span> <span class='ocrx_word' id='word_1_126' title='bbox 1615 1984 1829 2035; x_wconf 68' lang='lat'>119³.</span> <span class='ocrx_word' id='word_1_127' title='bbox 1871 1979 1981 2035; x_wconf 81' lang='lat' dir='ltr'>Sed</span> <span class='ocrx_word' id='word_1_128' title='bbox 2001 1978 2333 2052; x_wconf 82' lang='lat' dir='ltr'>plerumque</span> 
     </span>
     <span class='ocr_line' id='line_1_23' title="bbox 1128 2058 2329 2131; baseline 0.003 -19"><span class='ocrx_word' id='word_1_129' title='bbox 1128 2075 1159 2112; x_wconf 85' lang='lat' dir='ltr'>a</span> <span class='ocrx_word' id='word_1_130' title='bbox 1194 2058 1749 2130; x_wconf 80' lang='lat' dir='ltr'>coemptionatoribus</span> <span class='ocrx_word' id='word_1_131' title='bbox 1775 2059 2181 2131; x_wconf 83' lang='lat' dir='ltr'>mancipantur,</span> <span class='ocrx_word' id='word_1_132' title='bbox 2205 2078 2329 2116; x_wconf 90' lang='lat' dir='ltr'>cum</span> 
     </span>
     <span class='ocr_line' id='line_1_24' title="bbox 1118 2139 2332 2210; baseline 0.002 -18"><span class='ocrx_word' id='word_1_133' title='bbox 1118 2145 1453 2209; x_wconf 34' lang='lat' dir='ltr'>*natm-esque</span> <span class='ocrx_word' id='word_1_134' title='bbox 1491 2154 1518 2193; x_wconf 83' lang='lat' dir='ltr'>e</span> <span class='ocrx_word' id='word_1_135' title='bbox 1549 2154 1646 2193; x_wconf 91' lang='lat' dir='ltr'>suo</span> <span class='ocrx_word' id='word_1_136' title='bbox 1670 2139 1797 2209; x_wconf 85' lang='lat' dir='ltr'>jure</span> <span class='ocrx_word' id='word_1_137' title='bbox 1829 2154 1922 2193; x_wconf 85' lang='lat' dir='ltr'>eas</span> <span class='ocrx_word' id='word_1_138' title='bbox 1952 2154 2216 2210; x_wconf 80' lang='lat' dir='ltr'>personas</span> <span class='ocrx_word' id='word_1_139' title='bbox 2247 2140 2332 2195; x_wconf 86' lang='lat' dir='ltr'>di-</span> 
     </span>
     <span class='ocr_line' id='line_1_25' title="bbox 1124 2217 1737 2291; baseline 0.002 -20"><span class='ocrx_word' id='word_1_140' title='bbox 1124 2217 1389 2273; x_wconf 84' lang='lat' dir='ltr'>videntius</span> <span class='ocrx_word' id='word_1_141' title='bbox 1431 2218 1737 2291; x_wconf 82' lang='lat' dir='ltr'>apparebit.</span> 
     </span>
     <span class='ocr_line' id='line_1_26' title="bbox 1120 2297 2329 2371; baseline 0.004 -20"><span class='ocrx_word' id='word_1_142' title='bbox 1120 2297 1313 2370; x_wconf 88' lang='lat' dir='ltr'>ipati0,</span> <span class='ocrx_word' id='word_1_143' title='bbox 1357 2306 1418 2353; x_wconf 87' lang='lat' dir='ltr'>ut</span> <span class='ocrx_word' id='word_1_144' title='bbox 1442 2314 1610 2369; x_wconf 83' lang='lat' dir='ltr'>supra</span> <span class='ocrx_word' id='word_1_145' title='bbox 1642 2314 1862 2371; x_wconf 88' lang='lat' dir='ltr'>quoque</span> <span class='ocrx_word' id='word_1_146' title='bbox 1898 2298 2156 2367; x_wconf 82' lang='lat' dir='ltr'>diximus,</span> <span class='ocrx_word' id='word_1_147' title='bbox 2188 2301 2329 2357; x_wconf 88' lang='lat' dir='ltr'>ima-</span> 
     </span>
     <span class='ocr_line' id='line_1_27' title="bbox 1118 2372 2327 2451; baseline 0.006 -22"><span class='ocrx_word' id='word_1_148' title='bbox 1118 2394 1129 2429; x_wconf 79' lang='lat'><strong>)</strong></span> <span class='ocrx_word' id='word_1_149' title='bbox 1158 2396 1169 2433; x_wconf 90' lang='lat'>:</span> <span class='ocrx_word' id='word_1_150' title='bbox 1226 2378 1369 2449; x_wconf 86' lang='lat' dir='ltr'>quod</span> <span class='ocrx_word' id='word_1_151' title='bbox 1403 2384 1456 2431; x_wconf 89' lang='lat' dir='ltr'>et</span> <span class='ocrx_word' id='word_1_152' title='bbox 1485 2378 1663 2449; x_wconf 83' lang='lat' dir='ltr'>ipsum</span> <span class='ocrx_word' id='word_1_153' title='bbox 1688 2378 1782 2448; x_wconf 88' lang='lat' dir='ltr'>jus</span> <span class='ocrx_word' id='word_1_154' title='bbox 1813 2372 2096 2451; x_wconf 57' lang='lat' dir='ltr'>pnoprium</span> <span class='ocrx_word' id='word_1_155' title='bbox 2126 2380 2327 2436; x_wconf 85' lang='lat' dir='ltr'>civium</span> 
     </span>
     <span class='ocr_line' id='line_1_28' title="bbox 1146 2456 2328 2528; baseline 0.003 -17"><span class='ocrx_word' id='word_1_156' title='bbox 1146 2460 1235 2512; x_wconf 82' lang='lat' dir='ltr'>re&#39;s</span> <span class='ocrx_word' id='word_1_157' title='bbox 1287 2458 1364 2511; x_wconf 90' lang='lat' dir='ltr'>ita</span> <span class='ocrx_word' id='word_1_158' title='bbox 1395 2456 1622 2528; x_wconf 85' lang='lat' dir='ltr'>agitur:</span> <span class='ocrx_word' id='word_1_159' title='bbox 1676 2456 1939 2512; x_wconf 89' lang='lat' dir='ltr'>adhibitis</span> <span class='ocrx_word' id='word_1_160' title='bbox 1986 2474 2093 2513; x_wconf 90' lang='lat' dir='ltr'>non</span> <span class='ocrx_word' id='word_1_161' title='bbox 2146 2459 2328 2515; x_wconf 91' lang='lat' dir='ltr'>minus</span> 
     </span>
     <span class='ocr_line' id='line_1_29' title="bbox 1118 2536 2328 2611; baseline 0.002 -19"><span class='ocrx_word' id='word_1_162' title='bbox 1118 2537 1315 2592; x_wconf 78' lang='lat' dir='ltr'>:ivibus</span> <span class='ocrx_word' id='word_1_163' title='bbox 1367 2536 1621 2593; x_wconf 87' lang='lat' dir='ltr'>Romanis</span> <span class='ocrx_word' id='word_1_164' title='bbox 1651 2537 1954 2608; x_wconf 83' lang='lat' dir='ltr'>puberibus</span> <span class='ocrx_word' id='word_1_165' title='bbox 1986 2546 2041 2593; x_wconf 89' lang='lat' dir='ltr'>et</span> <span class='ocrx_word' id='word_1_166' title='bbox 2055 2546 2328 2611; x_wconf 80' lang='lat' dir='ltr'>praeterea</span> 
     </span>
     <span class='ocr_line' id='line_1_30' title="bbox 1146 2616 2328 2692; baseline 0.002 -21"><span class='ocrx_word' id='word_1_167' title='bbox 1146 2618 1240 2688; x_wconf 89' lang='lat' dir='ltr'>qui</span> <span class='ocrx_word' id='word_1_168' title='bbox 1296 2616 1490 2671; x_wconf 86' lang='lat' dir='ltr'>libram</span> <span class='ocrx_word' id='word_1_169' title='bbox 1532 2633 1740 2672; x_wconf 81' lang='lat' dir='ltr'>aeneam</span> <span class='ocrx_word' id='word_1_170' title='bbox 1781 2624 1988 2686; x_wconf 86' lang='lat' dir='ltr'>teneat,</span> <span class='ocrx_word' id='word_1_171' title='bbox 2019 2617 2111 2690; x_wconf 89' lang='lat' dir='ltr'>qui</span> <span class='ocrx_word' id='word_1_172' title='bbox 2139 2618 2328 2692; x_wconf 80' lang='lat' dir='ltr'>appel-</span> 
     </span>
     <span class='ocr_line' id='line_1_31' title="bbox 1119 2696 2321 2770; baseline 0.002 -20"><span class='ocrx_word' id='word_1_173' title='bbox 1119 2696 1390 2770; x_wconf 89' lang='lat' dir='ltr'>mancipio</span> <span class='ocrx_word' id='word_1_174' title='bbox 1443 2697 1656 2768; x_wconf 85' lang='lat' dir='ltr'>accipit,</span> <span class='ocrx_word' id='word_1_175' title='bbox 1701 2713 1775 2751; x_wconf 83' lang='lat' dir='ltr'>aes</span> <span class='ocrx_word' id='word_1_176' title='bbox 1809 2705 2002 2753; x_wconf 89' lang='lat' dir='ltr'>tenens</span> <span class='ocrx_word' id='word_1_177' title='bbox 2043 2699 2123 2753; x_wconf 89' lang='lat' dir='ltr'>ita</span> <span class='ocrx_word' id='word_1_178' title='bbox 2153 2698 2321 2753; x_wconf 87' lang='lat' dir='ltr'>dicit:</span> 
     </span>
     <span class='ocr_line' id='line_1_32' title="bbox 1118 2788 2322 2845; baseline 0.005 -18"><span class='ocrx_word' id='word_1_179' title='bbox 1118 2788 1185 2827; x_wconf 76' lang='lat' dir='ltr'>RE</span> <span class='ocrx_word' id='word_1_180' title='bbox 1218 2789 1497 2837; x_wconf 79' lang='lat' dir='ltr'>QUIRITIUM</span> <span class='ocrx_word' id='word_1_181' title='bbox 1525 2791 1673 2832; x_wconf 80' lang='lat' dir='ltr'><strong>MEUM</strong></span> <span class='ocrx_word' id='word_1_182' title='bbox 1708 2790 1839 2831; x_wconf 77' lang='lat' dir='ltr'>ESSE</span> <span class='ocrx_word' id='word_1_183' title='bbox 1868 2790 1977 2845; x_wconf 76' lang='lat' dir='ltr'>Alo,</span> <span class='ocrx_word' id='word_1_184' title='bbox 2007 2789 2176 2839; x_wconf 80' lang='lat' dir='ltr'><strong><em>ISQUE</em></strong></span> <span class='ocrx_word' id='word_1_185' title='bbox 2200 2792 2322 2839; x_wconf 79' lang='grc' dir='ltr'><strong>ΜῙΗ]</strong></span> 
     </span>
     <span class='ocr_line' id='line_1_33' title="bbox 1125 2856 2324 2928; baseline 0.002 -19"><span class='ocrx_word' id='word_1_186' title='bbox 1125 2868 1343 2918; x_wconf 81' lang='lat' dir='ltr'><strong>NEAQUE</strong></span> <span class='ocrx_word' id='word_1_187' title='bbox 1382 2870 1569 2923; x_wconf 80' lang='lat' dir='ltr'>LIBRA3</span> <span class='ocrx_word' id='word_1_188' title='bbox 1619 2856 1818 2912; x_wconf 89' lang='lat' dir='ltr'>deinde</span> <span class='ocrx_word' id='word_1_189' title='bbox 1860 2873 1969 2912; x_wconf 77' lang='lat' dir='ltr'>aere</span> <span class='ocrx_word' id='word_1_190' title='bbox 1998 2857 2230 2928; x_wconf 86' lang='lat' dir='ltr'>percutit</span> <span class='ocrx_word' id='word_1_191' title='bbox 2257 2856 2324 2911; x_wconf 92' lang='lat' dir='ltr'>li-</span> 
     </span>
     <span class='ocr_line' id='line_1_34' title="bbox 1134 2935 2344 3009; baseline 0.005 -20"><span class='ocrx_word' id='word_1_192' title='bbox 1134 2952 1238 3007; x_wconf 91' lang='lat' dir='ltr'>quo</span> <span class='ocrx_word' id='word_1_193' title='bbox 1270 2936 1541 3008; x_wconf 87' lang='lat' dir='ltr'>mancipio</span> <span class='ocrx_word' id='word_1_194' title='bbox 1575 2935 1768 3009; x_wconf 88' lang='lat' dir='ltr'>accipit</span> <span class='ocrx_word' id='word_1_195' title='bbox 1801 2936 1960 3009; x_wconf 86' lang='lat' dir='ltr'>quasi</span> <span class='ocrx_word' id='word_1_196' title='bbox 1990 2935 2154 3009; x_wconf 85' lang='lat' dir='ltr'>pretii</span> <span class='ocrx_word' id='word_1_197' title='bbox 2179 2936 2344 2995; x_wconf 54' lang='lat' dir='ltr'>loco..</span> 
     </span>
     <span class='ocr_line' id='line_1_35' title="bbox 1118 3014 2314 3088; baseline -0.001 -18"><span class='ocrx_word' id='word_1_198' title='bbox 1118 3015 1267 3070; x_wconf 81' lang='lat' dir='ltr'>&#39;viles</span> <span class='ocrx_word' id='word_1_199' title='bbox 1301 3023 1353 3070; x_wconf 87' lang='lat' dir='ltr'>et</span> <span class='ocrx_word' id='word_1_200' title='bbox 1392 3014 1582 3071; x_wconf 81' lang='lat' dir='ltr'>liberae</span> <span class='ocrx_word' id='word_1_201' title='bbox 1618 3032 1865 3088; x_wconf 77' lang='lat' dir='ltr'>personae</span> <span class='ocrx_word' id='word_1_202' title='bbox 1909 3016 2314 3088; x_wconf 77' lang='lat' dir='ltr'>mancipantur3</span> 
     </span>
     <span class='ocr_line' id='line_1_36' title="bbox 1123 3095 2319 3168; baseline 0.002 -19"><span class='ocrx_word' id='word_1_203' title='bbox 1123 3095 1330 3167; x_wconf 79' lang='lat' dir='ltr'>ancipii</span> <span class='ocrx_word' id='word_1_204' title='bbox 1367 3102 1510 3164; x_wconf 86' lang='lat' dir='ltr'>sunt,</span> <span class='ocrx_word' id='word_1_205' title='bbox 1546 3112 1652 3168; x_wconf 90' lang='lat' dir='ltr'>quo</span> <span class='ocrx_word' id='word_1_206' title='bbox 1698 3096 1753 3149; x_wconf 90' lang='lat' dir='ltr'>in</span> <span class='ocrx_word' id='word_1_207' title='bbox 1792 3112 2022 3151; x_wconf 84' lang='lat' dir='ltr'>numero</span> <span class='ocrx_word' id='word_1_208' title='bbox 2051 3095 2319 3151; x_wconf 81' lang='lat' dir='ltr'>hahentur</span> 
     </span>
     <span class='ocr_line' id='line_1_37' title="bbox 1143 3170 2319 3249; baseline 0.003 -21"><span class='ocrx_word' id='word_1_209' title='bbox 1143 3175 1274 3230; x_wconf 87' lang='lat' dir='ltr'>item</span> <span class='ocrx_word' id='word_1_210' title='bbox 1309 3175 1517 3248; x_wconf 83' lang='lat' dir='ltr'>praedia</span> <span class='ocrx_word' id='word_1_211' title='bbox 1545 3182 1652 3230; x_wconf 86' lang='lat' dir='ltr'>tam</span> <span class='ocrx_word' id='word_1_212' title='bbox 1682 3170 1892 3233; x_wconf 80' lang='lat' dir='ltr'>urbana</span> <span class='ocrx_word' id='word_1_213' title='bbox 1921 3190 2090 3249; x_wconf 84' lang='lat' dir='ltr'>quam</span> <span class='ocrx_word' id='word_1_214' title='bbox 2115 3175 2319 3231; x_wconf 87' lang='lat' dir='ltr'>rustica</span> 
     </span>
     <span class='ocr_line' id='line_1_38' title="bbox 1118 3255 2314 3328; baseline 0 -17"><span class='ocrx_word' id='word_1_215' title='bbox 1118 3264 1221 3325; x_wconf 86' lang='lat' dir='ltr'>mt,</span> <span class='ocrx_word' id='word_1_216' title='bbox 1260 3255 1448 3328; x_wconf 83' lang='lat' dir='ltr'>qualia</span> <span class='ocrx_word' id='word_1_217' title='bbox 1505 3265 1629 3311; x_wconf 87' lang='lat' dir='ltr'>sunt</span> <span class='ocrx_word' id='word_1_218' title='bbox 1660 3256 1871 3323; x_wconf 87' lang='lat' dir='ltr'>Italica,</span> <span class='ocrx_word' id='word_1_219' title='bbox 1921 3256 2112 3311; x_wconf 90' lang='lat' dir='ltr'>eodem</span> <span class='ocrx_word' id='word_1_220' title='bbox 2156 3256 2314 3311; x_wconf 88' lang='lat' dir='ltr'>modo</span> 
     </span>
     <span class='ocr_line' id='line_1_39' title="bbox 1126 3335 2312 3408; baseline -0.002 -17"><span class='ocrx_word' id='word_1_221' title='bbox 1126 3379 1137 3391; x_wconf 95' lang='lat'>.</span> <span class='ocrx_word' id='word_1_222' title='bbox 1177 3336 1238 3390; x_wconf 88' lang='lat' dir='ltr'>In</span> <span class='ocrx_word' id='word_1_223' title='bbox 1289 3353 1350 3390; x_wconf 85' lang='lat' dir='ltr'>eo</span> <span class='ocrx_word' id='word_1_224' title='bbox 1386 3336 1497 3391; x_wconf 91' lang='lat' dir='ltr'>solo</span> <span class='ocrx_word' id='word_1_225' title='bbox 1536 3336 1875 3408; x_wconf 75' lang='lat' dir='ltr'>praediorum</span> <span class='ocrx_word' id='word_1_226' title='bbox 1913 3335 2242 3408; x_wconf 86' lang='lat' dir='ltr'>mancipatio</span> <span class='ocrx_word' id='word_1_227' title='bbox 2283 3353 2312 3390; x_wconf 85' lang='lat' dir='ltr'>a</span> 
     </span>
     <span class='ocr_line' id='line_1_40' title="bbox 1152 3413 2306 3489; baseline 0.002 -20"><span class='ocrx_word' id='word_1_228' title='bbox 1152 3416 1351 3481; x_wconf 80' lang='lat' dir='ltr'>differt,</span> <span class='ocrx_word' id='word_1_229' title='bbox 1396 3416 1538 3489; x_wconf 88' lang='lat' dir='ltr'>quod</span> <span class='ocrx_word' id='word_1_230' title='bbox 1583 3432 1834 3487; x_wconf 84' lang='lat' dir='ltr'>personae</span> <span class='ocrx_word' id='word_1_231' title='bbox 1881 3416 2110 3471; x_wconf 80' lang='lat' dir='ltr'>serviles</span> <span class='ocrx_word' id='word_1_232' title='bbox 2149 3423 2204 3471; x_wconf 91' lang='lat' dir='ltr'>et</span> <span class='ocrx_word' id='word_1_233' title='bbox 2244 3413 2306 3471; x_wconf 90' lang='lat' dir='ltr'>li-</span> 
     </span>
     <span class='ocr_line' id='line_1_41' title="bbox 1118 3494 2307 3570; baseline 0 -20"><span class='ocrx_word' id='word_1_234' title='bbox 1118 3512 1135 3550; x_wconf 72' lang='lat'>3</span> <span class='ocrx_word' id='word_1_235' title='bbox 1170 3496 1429 3570; x_wconf 80' lang='lat' dir='ltr'>mancipii</span> <span class='ocrx_word' id='word_1_236' title='bbox 1459 3503 1604 3562; x_wconf 85' lang='lat' dir='ltr'>sunt,</span> <span class='ocrx_word' id='word_1_237' title='bbox 1635 3495 1743 3549; x_wconf 92' lang='lat' dir='ltr'>nisi</span> <span class='ocrx_word' id='word_1_238' title='bbox 1774 3495 1829 3549; x_wconf 89' lang='lat' dir='ltr'>in</span> <span class='ocrx_word' id='word_1_239' title='bbox 1856 3494 2152 3568; x_wconf 75' lang='lat' dir='ltr'>praesentia</span> <span class='ocrx_word' id='word_1_240' title='bbox 2184 3494 2307 3566; x_wconf 87' lang='lat' dir='ltr'>sint,</span> 
     </span>
     <span class='ocr_line' id='line_1_42' title="bbox 1162 3570 2306 3647; baseline 0.002 -19"><span class='ocrx_word' id='word_1_241' title='bbox 1162 3574 1301 3629; x_wconf 86' lang='lat' dir='ltr'>adeo</span> <span class='ocrx_word' id='word_1_242' title='bbox 1347 3575 1585 3647; x_wconf 88' lang='lat' dir='ltr'>quidem,</span> <span class='ocrx_word' id='word_1_243' title='bbox 1625 3580 1683 3629; x_wconf 92' lang='lat' dir='ltr'>ut</span> <span class='ocrx_word' id='word_1_244' title='bbox 1723 3591 1846 3630; x_wconf 89' lang='lat' dir='ltr'>eum</span> <span class='ocrx_word' id='word_1_245' title='bbox 1889 3576 1992 3645; x_wconf 78' lang='lat' dir='ltr'>qni</span> <span class='ocrx_word' id='word_1_246' title='bbox 2038 3570 2306 3647; x_wconf 76' lang='lat' dir='ltr'>mancipio</span> 
     </span>
    </p>
   </div>
  </div>
 </body>
</html>
