2548 4051
706 213 1193 267 COMMENTARIUS
1228 214 1523 274 QUARTUS.

211 337 254 388 1
269 335 391 387 1⁰.
406 330 524 395 Quo
543 327 663 385 loco
682 330 1012 387 admonendi
1030 348 1245 399 sumuS,
1263 347 1362 386 eas
1375 330 1600 404 quidem
1620 331 1860 388 actiones

137 415 259 486 lege
292 418 585 467 senatusve
614 411 886 468 consultis
920 413 1358 487 proficiscuntur,
1392 421 1657 486 perpetuo
1691 413 1864 469 solere

136 509 251 549 rem
284 491 711 562 accommodare,
745 509 839 548 eas
874 509 1022 561 vere,
1057 508 1179 565 quae
1200 510 1266 548 ex
1294 492 1517 567 propria
1535 492 1706 566 ipsius
1729 493 1864 565 juris

139 573 399 647 pendent,
418 571 743 646 plerumque
758 572 912 629 intra
934 590 1139 629 annum
1157 573 1312 629 dare.
1396 578 1436 628 1
1453 579 1493 629 1
1511 580 1578 630 1.
1595 573 1864 647 Aliquand

136 658 189 710 et
209 657 488 725 perpetuo
516 669 610 709 eas
639 654 761 722 dat,
794 655 946 712 velut
976 654 1184 726 quibus
1216 654 1467 710 imitatur
1480 655 1574 726 jus
1606 654 1864 727 legitimu

135 735 212 790 les
242 741 365 790 sunt
395 752 425 788 e
470 751 517 790 ae
545 750 681 806 quas
708 734 988 792 bonorum
1012 733 1423 807 possessoribus
1442 736 1748 809 ceterisque
1769 737 1863 809 qui

136 815 253 870 loco
292 817 453 881 sunt,
505 815 904 872 accommodat
934 833 948 872 ε
976 816 1121 887 furti
1156 832 1376 890 quoque
1408 815 1686 871 manifesti
1717 816 1857 871 actio

136 895 219 949 vis
254 912 318 948 ex
342 894 527 968 ipsius
585 895 844 952 Praetoris
881 895 1254 968 jurisdictione
1292 895 1688 968 proficiscatur,
1713 913 1864 970 perp«

134 983 255 1043 tur3
314 982 371 1031 et
411 974 629 1044 merite,
680 991 804 1032 cum
844 991 943 1048 pro
999 975 1220 1050 capitali
1258 992 1424 1050 poena
1461 976 1780 1049 pecuniaria
1818 994 1864 1033 c(

131 1056 215 1112 sit.

204 1142 247 1193 1
264 1137 519 1207 192.Non
534 1153 724 1193 omnes
752 1137 1013 1205 actiones,
1048 1153 1172 1211 quae
1200 1137 1259 1192 in
1283 1137 1524 1211 aliquem
1547 1152 1642 1194 aut
1669 1138 1789 1213 ipso
1804 1141 1864 1212 ju

126 1226 319 1290 petunt
354 1225 446 1274 aut
484 1236 517 1274 a
551 1218 789 1274 Praetore
840 1218 1062 1286 dantur,
1089 1217 1255 1273 etiam
1291 1218 1348 1273 in
1391 1218 1651 1273 heredem
1691 1235 1848 1292 aeque

130 1305 249 1354 tunt
276 1306 368 1354 aut
400 1298 518 1354 dari
556 1298 732 1355 solent
764 1317 776 1353 :
809 1306 895 1354 est
926 1297 1071 1354 enim
1101 1298 1408 1355 certissima
1424 1298 1566 1371 juris
1599 1299 1807 1372 regula,
1833 1317 1862 1356 e

130 1377 267 1434 ficiis
319 1378 566 1453 poenales
619 1379 863 1436 actiones
902 1378 959 1433 in
1004 1378 1265 1434 heredem
1311 1395 1416 1435 nec
1473 1386 1786 1453 competere
1843 1398 1864 1435 ι

132 1459 332 1526 solere,
372 1459 542 1514 veluti
580 1459 735 1528 furti,
780 1459 833 1513 vi
869 1458 1137 1514 bonorum
1179 1466 1488 1532 raptorum,
1531 1458 1856 1531 injuriarum

128 1539 341 1612 injuriae
373 1557 386 1595 t
422 1539 521 1595 sed
548 1539 848 1596 heredibus
875 1538 1039 1612 hujus
1068 1539 1216 1596 modi
1248 1539 1493 1595 actiones
1519 1548 1840 1614 competunt

129 1626 421 1692 negantur,
442 1636 569 1675 exce
580 1627 671 1694 pta
690 1618 1021 1693 injuriarum
1051 1620 1361 1689 actione,et
1389 1619 1438 1676 si
1466 1636 1573 1692 qua
1602 1620 1711 1676 alia
1727 1620 1864 1677 simi]

32 1696 34 1704 ’
128 1700 308 1755 niatur
346 1699 507 1755 actio,
590 1706 630 1756 1
648 1704 773 1756 13.
800 1698 1109 1773 Aliquando
1129 1708 1317 1756 tamen
1340 1701 1514 1758 etiam
1533 1717 1599 1756 ex
1627 1708 1864 1758 contract

130 1797 305 1853 neque
344 1779 542 1835 heredi
580 1798 761 1855 neque
802 1779 858 1837 in
903 1780 1165 1836 heredem
1208 1782 1476 1855 competit
1507 1798 1522 1836 z
1548 1798 1673 1837 nam
1696 1781 1864 1856 adstif

134 1861 292 1917 heres
319 1877 429 1918 non
459 1860 626 1918 habet
648 1861 939 1928 actionem,
976 1865 1033 1918 et
1064 1860 1358 1935 sponsoris
1389 1861 1864 1934 etfidepromissox

134 1958 233 2003 non
262 1948 510 1999 tenetur.
932 1996 946 2002 -

202 2028 390 2080 114.
418 2021 685 2097 Superest
716 2031 780 2079 ut
810 2021 1187 2097 dispiciamuS,
1206 2021 1251 2079 si
1285 2029 1409 2078 ante
1438 2039 1558 2078 rem
1589 2021 1864 2095 judicatan

132 2120 239 2178 quo
272 2108 476 2177 agitur,
508 2111 631 2177 post
662 2111 942 2179 acceptum
967 2103 1239 2176 judicium
1265 2103 1565 2160 satisfaciat
1605 2104 1799 2173 actori,
1829 2120 1863 2176 q

129 2185 210 2241 cio
239 2184 443 2257 judicis
478 2184 798 2241 conveniat:
829 2194 1018 2241 utrum
1038 2182 1349 2253 absolvere,
1378 2201 1445 2240 an
1479 2184 1598 2241 ideo
1627 2183 1809 2257 potius
1824 2184 1864 2238 ds

132 2265 262 2338 quia
303 2264 499 2337 judicii
544 2264 848 2339 accipiendi
890 2271 1138 2339 tempore
1177 2265 1234 2319 in
1270 2282 1336 2320 ea
1369 2281 1533 2321 causa
1555 2264 1742 2333 fuerit,
1776 2271 1864 2320 ut*

133 2345 335 2402 debeat
368 2366 379 2401 :
416 2345 591 2402 nostri
620 2353 992 2420 praeceptores
1034 2345 1329 2401 absolvere
1365 2362 1488 2401 eum
1513 2344 1718 2401 debere
1762 2344 1864 2401 exis

130 2443 232 2481 nec
280 2425 629 2495 intereresse,
677 2427 837 2500 cujus
871 2426 1089 2500 generis
1120 2426 1188 2483 sit
1233 2425 1496 2499 judicium
1541 2444 1555 2481 ε
1599 2433 1654 2482 et
1688 2425 1792 2482 hoc
1821 2443 1864 2481 es

128 2508 299 2579 vulgo
328 2506 547 2577 dicitur,
580 2505 776 2563 Sabino
808 2515 861 2563 et
892 2506 1075 2563 Cassio
1109 2507 1354 2581 placere,
1388 2506 1570 2563 omnia
1597 2506 1804 2580 judicia
1833 2524 1864 2562 a

128 2588 211 2643 ria
245 2604 392 2645 esse.
426 2590 681 2646 Diversae
704 2591 899 2645 autem
948 2588 1153 2644 scholoe
1191 2590 1460 2645 auctores
1496 2586 1561 2641 de
1617 2587 1770 2645 bonoe
1824 2586 1864 2640 fi*

130 2669 258 2725 dem
291 2668 510 2740 judiciis
560 2668 708 2724 idem
748 2668 1016 2738 sentiunt,
1059 2668 1186 2741 quia
1221 2668 1278 2723 in
1327 2666 1596 2741 ejusmodi
1627 2665 1848 2738 ,iudiciis

130 2757 214 2805 est
238 2749 474 2805 officium
486 2748 705 2822 judicis,
737 2749 1093 2805 Tantumdem
1123 2752 1183 2805 et
1211 2748 1282 2804 de
1314 2749 1381 2803 in
1411 2764 1530 2803 rem
1555 2746 1861 2804 actionibus

130 2829 262 2907 quia
321 2832 446 2888 tum
492 2845 709 2903 quoque
738 2830 833 2885 sed
873 2831 1137 2902 formuloe
1172 2829 1380 2898 verbis,
1430 2827 1486 2883 id
1516 2828 1700 2901 ipsum
1743 2844 1864 2901 expi

128 2914 199 2966 ut
226 2910 283 2967 si
310 2925 443 2969 reus
468 2926 590 2967 rem
618 2912 911 2980 restituat,
935 2910 1263 2966 absolvatur
1292 2927 1308 2965 t
1339 2909 1564 2966 scilicet
1583 2910 1636 2965 si
1645 2924 1753 2981 per
1757 2912 1864 2979 pet

127 2992 454 3061 formulam
484 2995 744 3063 affantur
786 3009 798 3046 ε
848 2989 1050 3062 quibus
1087 2990 1318 3061 quidem
1359 2990 1448 3045 ita
1484 2991 1724 3061 quisque
1753 3003 1862 3045 con

129 3072 283 3127 utin
308 3073 630 3129 intentione
654 3087 768 3140 res,
792 3072 858 3128 de
882 3072 1091 3143 quibus
1124 3069 1445 3141 ambigitur,
1478 3077 1739 3143 petantur
1766 3079 1821 3123 et
1846 3085 1864 3123 ε

130 3154 238 3209 tur
270 3150 374 3207 illa
392 3153 567 3209 verba
596 3152 1088 3209 condemnationis
1119 3150 1311 3219 initi03
1344 3149 1620 3205 interdum
1640 3148 1853 3204 enim...

136 3272 246 3329 [Hic
264 3271 446 3319 desunt
473 3270 562 3319 lin.
596 3274 825 3332 quatuor,
850 3284 971 3331 quas
998 3271 1061 3317 ad
1086 3269 1138 3317 in
1166 3282 1274 3317 rem
1303 3267 1523 3316 actiones
1552 3281 1640 3329 per
1665 3266 1862 3329 sponsio

196 3342 359 3390 tinere
387 3338 586 3404 conjicit
624 3342 917 3399 HuschkiUS,
943 3340 1081 3389 velut
1105 3342 1197 3389 hoc
1236 3353 1389 3387 sensu
1412 3353 1429 3387 .-
1454 3352 1541 3401 per
1567 3339 1864 3402 sponsionen

197 3414 363 3473 agitur
408 3418 457 3463 et
501 3417 607 3463 tum
640 3414 686 3461 si
720 3416 857 3463 actor
894 3412 1166 3475 sponsione
1198 3411 1376 3459 vicerit
1405 3423 1496 3459 nec
1521 3410 1568 3458 ei
1618 3424 1700 3459 res
1728 3425 1839 3460 cum

200 3485 513 3545 restituatur,
544 3494 822 3549 sponsores
846 3485 894 3533 ei
932 3486 1167 3547 quantum
1199 3483 1340 3544 olim,
1375 3483 1417 3531 si
1447 3483 1640 3544 praedes
1666 3484 1766 3532 dati
1802 3497 1864 3530 es:

200 3560 253 3603 et
275 3554 619 3615 vindiciarum,
649 3557 698 3604 in
730 3560 924 3605 tantum
956 3556 1364 3603 condemnantur.
