2548 4051
904 261 1379 352 COMMENTAJIUS
1410 262 1687 313 TERTIUS-

661 395 713 434 m
741 379 1021 436 consecuti
1047 387 1250 446 essent,
1284 379 1330 434 si
1363 391 1428 434 eo
1448 379 1576 450 jure
1596 384 1788 452 postea
1819 376 1905 432 usi
1934 382 2139 442 essent,
2171 380 2293 446 quo

660 459 711 514 ia
738 460 921 516 Sentia
960 460 1045 515 vel
1086 478 1151 516 ex
1180 458 1672 524 senatusconsulto,
1733 457 1780 512 si
1819 456 1994 512 Latini
2035 455 2291 510 mansis-

658 549 756 595 tem
799 539 1096 595 Romanam
1139 547 1628 612 consequerentur,
1679 537 1913 611 proinde
1958 535 2062 608 ipsi
2112 535 2288 589 habe-

660 619 675 672 i
718 619 843 692 lege
873 619 1015 675 AElia
1046 619 1230 679 Sentia
1274 619 1362 674 vel
1399 616 1875 673 senatusconsulto
1923 616 1986 671 ad
2018 614 2288 670 civitatem

658 700 1031 756 ier-venissent.

658 798 741 834 um
773 787 977 848 autem,
1002 798 1143 853 quos
1171 780 1256 835 lex
1282 779 1423 834 AElia
1451 778 1635 833 Sentia
1660 777 2034 833 dedititiorum
2059 791 2289 830 numero

669 860 829 915 modo
861 860 1014 931 quasi
1044 861 1265 916 civium
1293 862 1682 916 Romanorum
1732 857 2068 926 libertorum,
2119 856 2289 910 modo

658 956 802 996 irum
832 940 901 994 ad
931 947 1193 1012 patronos
1223 941 1519 1012 pertinent.
1571 943 1695 994 25.
1730 939 1863 994 Nam
1893 954 2083 993 eorum
2113 937 2288 1002 bona,

658 1019 841 1092 aliquo
896 1019 1027 1075 vitio
1075 1036 1180 1077 non
1235 1028 1443 1088 essent,
1494 1019 1810 1074 manumissi
1858 1019 2004 1073 cives
2050 1015 2289 1083 Romani

658 1107 709 1166 it,
753 1099 913 1171 quasi
968 1099 1171 1156 civium
1224 1099 1589 1155 Romanorum
1642 1098 1890 1173 patronis
1936 1097 2126 1152 eadem
2155 1093 2288 1168 lege

690 1195 799 1234 non
831 1187 1012 1252 tamen
1052 1180 1109 1235 hi
1140 1179 1347 1235 habent
1393 1180 1558 1236 etiam
1608 1179 1921 1235 testamenti
1952 1177 2283 1232 factionem:

658 1259 836 1332 “isque
866 1260 1092 1334 placuit,
1124 1277 1227 1314 nec
1258 1260 1534 1315 immerito
1560 1278 1575 1326 ;
1622 1277 1747 1315 nam
1778 1257 2098 1314 incredibile
2134 1255 2288 1310 vide-

658 1358 751 1396 [nae
807 1341 1129 1396 conditionis
1178 1340 1495 1396 hominibus
1550 1340 1791 1396 voluisse
1846 1339 1988 1411 legis
2050 1338 2290 1393 latorem

658 1420 864 1476 'aciendi
890 1422 985 1493 jus
1010 1421 1329 1476 concedere.
1414 1425 1541 1476 2⁶.
1575 1421 1778 1476 Eorum
1809 1435 1935 1475 vero
1963 1419 2109 1474 bona
2162 1416 2286 1494 qui,

658 1499 815 1573 ‚liquo
860 1501 992 1557 vitio
1039 1509 1249 1567 essent,
1289 1501 1609 1556 manumissi
1656 1501 1825 1556 futuri
1869 1499 2038 1574 Latini
2073 1506 2285 1564 essent,

658 1580 901 1636 buuntur
947 1581 1215 1653 patronis,
1250 1597 1312 1634 ac
1340 1580 1384 1634 si
1416 1580 1598 1636 Latini
1627 1579 2033 1636 decessissent:
2064 1595 2166 1632 nec
2192 1593 2286 1632 me

662 1678 697 1714 n
723 1661 854 1716 satis
885 1660 939 1715 in
967 1678 1032 1716 ea
1057 1660 1276 1733 relegis
1305 1662 1539 1716 latorem
1564 1660 1903 1716 voluntatem
1930 1675 2085 1713 suam
2102 1656 2288 1713 verbis

658 1839 821 1877 =amus
867 1829 1053 1877 autem
1113 1832 1167 1878 et
1220 1822 1285 1878 de
1325 1839 1391 1878 ea
1433 1820 1792 1878 'successione
1833 1839 1954 1894 quae
2009 1819 2170 1876 nobis
2215 1836 2286 1873 ex

658 1919 880 1958 onorum
911 1902 1187 1975 competit.
1268 1906 1392 1957 ¹29.
1420 1903 1569 1958 Bona
1601 1908 1782 1957 autem
1811 1909 2048 1956 veneunt
2079 1907 2172 1954 aut
2201 1899 2288 1953 vi-

658 1990 1009 2042 mortuorum:
1056 1983 1327 2051 vivorum,
1361 1983 1532 2039 veluti
1561 1997 1752 2039 eorum
1787 1981 1879 2054 qui
1916 1979 2290 2037 fraudationis

658 2072 713 2120 nt
735 2082 835 2119 nec
855 2065 1110 2120 absentes
1137 2064 1505 2120 defenduntur
1525 2084 1539 2132 ;
1563 2065 1694 2119 item
1715 2059 1928 2132 eorum,
1945 2064 2039 2136 qui
2064 2078 2126 2116 ex
2153 2060 2288 2131 lege

675 2144 909 2212 cedunt3
961 2144 1094 2199 item
1139 2144 1514 2215 judicatorum
1546 2152 1670 2217 post
1711 2151 1950 2215 tempus,
1995 2140 2284 2214 quod‘eiS,

658 2238 759 2280 =xl1
782 2224 1117 2293 tabularum,
1147 2223 1348 2296 partim
1382 2225 1559 2280 edicto
1583 2222 1858 2291 Praetoris,
1892 2222 1960 2278 ad
1990 2221 2283 2294 expedien-

658 2320 736 2357 am
761 2303 1045 2358 tribuitur.
1068 2304 1407 2359 Mortuorum
1429 2305 1572 2359 bona
1592 2311 1853 2373 veneunt,
1871 2303 2041 2359 veluti
2068 2318 2286 2369 eorum,

658 2399 744 2437 um
772 2391 857 2439 est
885 2400 1064 2455 neque
1109 2382 1342 2439 heredes
1386 2375 1563 2457 neque
1607 2384 1881 2440 honorum
1928 2393 2289 2456 possessores

658 2480 730 2517 im
778 2462 949 2518 alium
1004 2464 1213 2535 justum
1262 2480 1637 2519 successorem
1705 2464 1959 2519 existere.
2040 2466 2162 2518 29.
2227 2462 2289 2516 Si

658 2590 663 2597 .
691 2543 836 2598 bona
864 2550 1115 2611 veneant,
1139 2544 1300 2615 jubet
1348 2561 1413 2599 ea
1462 2544 1671 2604 Praetor
1705 2561 1810 2616 per
1843 2543 1959 2599 dies
1990 2542 2285 2598 continuos

663 2623 709 2676 ri
737 2631 789 2677 et
832 2623 1128 2695 proscribi;
1160 2623 1206 2677 si
1236 2639 1364 2677 vero
1395 2624 1615 2690 mortui,
1647 2640 1748 2696 per
1779 2623 1894 2677 dies
1927 2637 2036 2689 xv3
2084 2628 2288 2695 postea

658 2702 774 2756 nire
807 2703 1105 2759 creditores
1145 2711 1200 2758 et
1230 2720 1297 2757 ex
1327 2720 1391 2758 eo
1439 2720 1671 2758 numero
1702 2702 2030 2775 magistrum
2083 2701 2281 2769 creari,

658 2797 742 2834 ier
767 2798 932 2852 quem
954 2782 1097 2837 bona
1126 2790 1394 2837 veneant:
1429 2784 1615 2856 itaque
1646 2782 1691 2837 si
1715 2783 1823 2837 vivi
1853 2783 1994 2838 bona
2024 2790 2282 2848 veneant,

658 2861 718 2929 X,
782 2861 1064 2916 bonorum
1114 2862 1509 2918 venditionem
1563 2862 1683 2917 fieri
1722 2863 1904 2936 jubet,
1965 2863 2011 2917 si
2058 2861 2286 2929 mortui,

708 2941 924 2997 Diebus
982 2941 1168 3012 itaque
1221 2942 1331 2995 vivi
1373 2942 1520 2999 hona
1565 2958 1740 3010 xxxx,
1799 2942 1998 2997 mortui
2042 2958 2172 2997 vero
2215 2956 2297 2996 xx

658 3020 744 3075 iici
768 3021 944 3093 jubet.
981 3021 1158 3085 Quare
1204 3029 1388 3077 autem
1420 3022 1629 3078 tardius
1663 3022 1958 3077 viventium
2008 3022 2287 3077 bonorum

658 3118 673 3155 1
704 3101 971 3174 compleri
1008 3101 1194 3172 jubet,
1231 3101 1329 3156 illa
1356 3103 1495 3157 ratio
1527 3096 1628 3172 est,
1661 3102 1790 3175 quia
1820 3102 1889 3157 de
1918 3102 2052 3157 vivis
2083 3118 2289 3156 curan-

658 3198 698 3236 te
728 3181 887 3236 facile
920 3181 1192 3237 bonorum
1224 3181 1566 3238 venditiones
1598 3191 1938 3254 paterentur.

660 3278 729 3315 ue
780 3269 962 3316 autem
1022 3262 1288 3317 bonorum
1338 3275 1752 3333 possessorum,
1797 3279 1974 3335 neque
2015 3262 2291 3317 bonorum

658 3355 739 3394 res
771 3340 927 3410 pleno
947 3342 1072 3412 jure
1102 3342 1252 3409 fiunt,
1282 3342 1378 3396 sed
1399 3342 1454 3396 in
1475 3342 1632 3397 bonis
1669 3341 1983 3397 efficiuntur
2001 3360 2022 3409 ,·
2055 3358 2126 3397 esc
2142 3345 2292 3413 jure

658 3427 818 3497 ‚utem
850 3418 927 3473 ita
956 3420 1171 3475 demum
1204 3421 1586 3493 adquiruntur,
1614 3421 1660 3475 si
1691 3430 2082 3495 usuceperunt.
2109 3422 2292 3477 luter-

658 3516 705 3552 m
735 3498 1002 3554 bonorum
1031 3501 1373 3573 emptoribus
1407 3518 1472 3557 ne
1517 3518 1651 3557 usus
1694 3501 1919 3572 quidem
1959 3502 2114 3574 capio
2157 3519 2290 3557 con-

658 3596 666 3633 ;
696 3578 740 3633 si
766 3578 1102 3651 peregrinus
1134 3582 1208 3635 sic
1248 3581 1515 3636 honorum
1545 3587 1756 3652 emptor
1763 3622 2081 3639 ..............
2094 3609 2106 3637 ·.
2120 3624 2286 3637 ......
