<?xml version="1.0" encoding="UTF-8"?>
<!DOCTYPE html PUBLIC "-//W3C//DTD XHTML 1.0 Transitional//EN"
    "http://www.w3.org/TR/xhtml1/DTD/xhtml1-transitional.dtd">
<html xmlns="http://www.w3.org/1999/xhtml" xml:lang="en" lang="en">
 <head>
  <title>
</title>
<meta http-equiv="Content-Type" content="text/html;charset=utf-8" />
  <meta name='ocr-system' content='tesseract 3.04.00' />
  <meta name='ocr-capabilities' content='ocr_page ocr_carea ocr_par ocr_line ocrx_word'/>
</head>
<body>
  <div class='ocr_page' id='page_1' title='image "./gaiiinstitution00giragoog_0129.png"; bbox 0 0 2548 4051; ppageno 0'>
   <div class='ocr_carea' id='block_1_1' title="bbox 9 3560 127 4026">
    <p class='ocr_par' dir='ltr' id='par_1_1' title="bbox 9 3560 127 4026">
     <span class='ocr_line' id='line_1_1' title="bbox 9 3560 127 4026; baseline 0 25"><span class='ocrx_word' id='word_1_1' title='bbox 9 3560 127 4026; x_wconf 95' lang='lat' dir='ltr'> </span> 
     </span>
    </p>
   </div>
   <div class='ocr_carea' id='block_1_2' title="bbox 830 199 1673 258">
    <p class='ocr_par' dir='ltr' id='par_1_2' title="bbox 830 199 1673 258">
     <span class='ocr_line' id='line_1_2' title="bbox 830 199 1673 258; baseline -0.005 -6"><span class='ocrx_word' id='word_1_2' title='bbox 830 199 1343 252; x_wconf 74' lang='lat' dir='ltr'><strong>COMMENTARIUS</strong></span> <span class='ocrx_word' id='word_1_3' title='bbox 1375 200 1673 258; x_wconf 79' lang='lat' dir='ltr'><strong>QUARTUS.</strong></span> 
     </span>
    </p>
   </div>
   <div class='ocr_carea' id='block_1_3' title="bbox 255 314 1935 1114">
    <p class='ocr_par' dir='ltr' id='par_1_3' title="bbox 255 314 1935 1114">
     <span class='ocr_line' id='line_1_3' title="bbox 345 314 1935 390; baseline 0 -16"><span class='ocrx_word' id='word_1_4' title='bbox 345 323 476 374; x_wconf 66' lang='lat' dir='ltr'>Sl).</span> <span class='ocrx_word' id='word_1_5' title='bbox 509 317 636 372; x_wconf 82' lang='lat' dir='ltr'>Haec</span> <span class='ocrx_word' id='word_1_6' title='bbox 664 317 744 374; x_wconf 89' lang='lat' dir='ltr'>ita</span> <span class='ocrx_word' id='word_1_7' title='bbox 774 317 841 372; x_wconf 88' lang='lat' dir='ltr'>de</span> <span class='ocrx_word' id='word_1_8' title='bbox 880 315 970 372; x_wconf 87' lang='lat' dir='ltr'>his</span> <span class='ocrx_word' id='word_1_9' title='bbox 1001 317 1272 390; x_wconf 84' lang='lat' dir='ltr'>personis,</span> <span class='ocrx_word' id='word_1_10' title='bbox 1306 331 1429 389; x_wconf 85' lang='lat' dir='ltr'>quae</span> <span class='ocrx_word' id='word_1_11' title='bbox 1457 314 1512 370; x_wconf 92' lang='lat' dir='ltr'>in</span> <span class='ocrx_word' id='word_1_12' title='bbox 1550 321 1818 390; x_wconf 82' lang='lat' dir='ltr'>potestate</span> <span class='ocrx_word' id='word_1_13' title='bbox 1846 332 1935 374; x_wconf 67' lang='lat' dir='ltr'>sut</span> 
     </span>
     <span class='ocr_line' id='line_1_4' title="bbox 262 396 1891 456; baseline 0 -2"><span class='ocrx_word' id='word_1_14' title='bbox 262 405 547 456; x_wconf 85' lang='lat' dir='ltr'>contractu</span> <span class='ocrx_word' id='word_1_15' title='bbox 579 397 690 454; x_wconf 86' lang='lat' dir='ltr'>sive</span> <span class='ocrx_word' id='word_1_16' title='bbox 732 415 796 454; x_wconf 84' lang='lat' dir='ltr'>ex</span> <span class='ocrx_word' id='word_1_17' title='bbox 841 397 1119 454; x_wconf 84' lang='lat' dir='ltr'>maleficio</span> <span class='ocrx_word' id='word_1_18' title='bbox 1142 414 1334 452; x_wconf 85' lang='lat' dir='ltr'>earum</span> <span class='ocrx_word' id='word_1_19' title='bbox 1380 396 1776 452; x_wconf 82' lang='lat' dir='ltr'>controversia</span> <span class='ocrx_word' id='word_1_20' title='bbox 1796 397 1891 454; x_wconf 83' lang='lat' dir='ltr'>sit.</span> 
     </span>
     <span class='ocr_line' id='line_1_5' title="bbox 263 477 1935 553; baseline -0.001 -17"><span class='ocrx_word' id='word_1_21' title='bbox 263 481 336 536; x_wconf 87' lang='lat' dir='ltr'>ad</span> <span class='ocrx_word' id='word_1_22' title='bbox 367 495 454 536; x_wconf 85' lang='lat' dir='ltr'>eas</span> <span class='ocrx_word' id='word_1_23' title='bbox 483 496 766 553; x_wconf 83' lang='lat' dir='ltr'>personaS,</span> <span class='ocrx_word' id='word_1_24' title='bbox 804 495 927 552; x_wconf 77' lang='lat' dir='ltr'>quae</span> <span class='ocrx_word' id='word_1_25' title='bbox 958 479 1011 533; x_wconf 91' lang='lat' dir='ltr'>in</span> <span class='ocrx_word' id='word_1_26' title='bbox 1043 494 1204 533; x_wconf 90' lang='lat' dir='ltr'>manu</span> <span class='ocrx_word' id='word_1_27' title='bbox 1241 477 1579 550; x_wconf 85' lang='lat' dir='ltr'>mancipiove</span> <span class='ocrx_word' id='word_1_28' title='bbox 1608 485 1757 546; x_wconf 90' lang='lat' dir='ltr'>sunt,</span> <span class='ocrx_word' id='word_1_29' title='bbox 1791 478 1868 534; x_wconf 89' lang='lat' dir='ltr'>ita</span> <span class='ocrx_word' id='word_1_30' title='bbox 1894 479 1935 552; x_wconf 68' lang='lat' dir='ltr'>ju</span> 
     </span>
     <span class='ocr_line' id='line_1_6' title="bbox 263 558 1935 632; baseline -0.001 -16"><span class='ocrx_word' id='word_1_31' title='bbox 263 570 328 616; x_wconf 84' lang='lat' dir='ltr'>ut</span> <span class='ocrx_word' id='word_1_32' title='bbox 355 577 480 616; x_wconf 91' lang='lat' dir='ltr'>cum</span> <span class='ocrx_word' id='word_1_33' title='bbox 517 577 582 615; x_wconf 84' lang='lat' dir='ltr'>ex</span> <span class='ocrx_word' id='word_1_34' title='bbox 612 563 914 616; x_wconf 78' lang='lat' dir='ltr'>contractu</span> <span class='ocrx_word' id='word_1_35' title='bbox 958 575 1147 614; x_wconf 88' lang='lat' dir='ltr'>earum</span> <span class='ocrx_word' id='word_1_36' title='bbox 1177 567 1399 631; x_wconf 81' lang='lat' dir='ltr'>agatur,</span> <span class='ocrx_word' id='word_1_37' title='bbox 1431 558 1532 614; x_wconf 90' lang='lat' dir='ltr'>nisi</span> <span class='ocrx_word' id='word_1_38' title='bbox 1571 558 1639 616; x_wconf 89' lang='lat' dir='ltr'>ab</span> <span class='ocrx_word' id='word_1_39' title='bbox 1672 575 1759 627; x_wconf 92' lang='lat' dir='ltr'>eo,</span> <span class='ocrx_word' id='word_1_40' title='bbox 1790 560 1935 632; x_wconf 71' lang='lat' dir='ltr'>eujus</span> 
     </span>
     <span class='ocr_line' id='line_1_7' title="bbox 255 639 1935 715; baseline 0 -19"><span class='ocrx_word' id='word_1_41' title='bbox 255 643 422 715; x_wconf 82' lang='lat' dir='ltr'>jectae</span> <span class='ocrx_word' id='word_1_42' title='bbox 462 641 591 708; x_wconf 90' lang='lat' dir='ltr'>sint,</span> <span class='ocrx_word' id='word_1_43' title='bbox 642 641 699 694; x_wconf 85' lang='lat' dir='ltr'>in</span> <span class='ocrx_word' id='word_1_44' title='bbox 736 640 967 696; x_wconf 84' lang='lat' dir='ltr'>solidum</span> <span class='ocrx_word' id='word_1_45' title='bbox 1016 639 1397 707; x_wconf 75' lang='lat' dir='ltr'>defendantur,</span> <span class='ocrx_word' id='word_1_46' title='bbox 1434 639 1601 708; x_wconf 88' lang='lat' dir='ltr'>bona,</span> <span class='ocrx_word' id='word_1_47' title='bbox 1635 657 1759 713; x_wconf 76' lang='lat' dir='ltr'>quae</span> <span class='ocrx_word' id='word_1_48' title='bbox 1809 657 1935 696; x_wconf 87' lang='lat' dir='ltr'>earu</span> 
     </span>
     <span class='ocr_line' id='line_1_8' title="bbox 261 720 1931 793; baseline 0 -17"><span class='ocrx_word' id='word_1_49' title='bbox 261 722 460 791; x_wconf 85' lang='lat' dir='ltr'>forent,</span> <span class='ocrx_word' id='word_1_50' title='bbox 494 722 540 776; x_wconf 92' lang='lat' dir='ltr'>si</span> <span class='ocrx_word' id='word_1_51' title='bbox 570 721 691 790; x_wconf 78' lang='lat' dir='ltr'>ejus</span> <span class='ocrx_word' id='word_1_52' title='bbox 716 721 834 793; x_wconf 82' lang='lat' dir='ltr'>juri</span> <span class='ocrx_word' id='word_1_53' title='bbox 864 720 1129 793; x_wconf 75' lang='lat' dir='ltr'>subjectae</span> <span class='ocrx_word' id='word_1_54' title='bbox 1159 737 1269 775; x_wconf 89' lang='lat' dir='ltr'>non</span> <span class='ocrx_word' id='word_1_55' title='bbox 1302 724 1506 786; x_wconf 89' lang='lat' dir='ltr'>essent,</span> <span class='ocrx_word' id='word_1_56' title='bbox 1543 728 1799 777; x_wconf 81' lang='lat' dir='ltr'>veneant:</span> <span class='ocrx_word' id='word_1_57' title='bbox 1834 721 1931 776; x_wconf 90' lang='lat' dir='ltr'>sed</span> 
     </span>
     <span class='ocr_line' id='line_1_9' title="bbox 266 801 1935 874; baseline -0.001 -17"><span class='ocrx_word' id='word_1_58' title='bbox 266 801 416 858; x_wconf 82' lang='lat' dir='ltr'>cissa</span> <span class='ocrx_word' id='word_1_59' title='bbox 445 802 654 874; x_wconf 80' lang='lat' dir='ltr'>capitis</span> <span class='ocrx_word' id='word_1_60' title='bbox 692 802 1091 858; x_wconf 72' lang='lat' dir='ltr'>deminutione</span> <span class='ocrx_word' id='word_1_61' title='bbox 1122 817 1253 857; x_wconf 83' lang='lat' dir='ltr'>cnm</span> <span class='ocrx_word' id='word_1_62' title='bbox 1286 802 1363 857; x_wconf 78' lang='lat' dir='ltr'>iis</span> <span class='ocrx_word' id='word_1_63' title='bbox 1411 801 1641 874; x_wconf 88' lang='lat' dir='ltr'>imperio</span> <span class='ocrx_word' id='word_1_64' title='bbox 1686 801 1935 858; x_wconf 81' lang='lat' dir='ltr'>contineo</span> 
     </span>
     <span class='ocr_line' id='line_1_10' title="bbox 265 883 1935 956; baseline 0.001 -18"><span class='ocrx_word' id='word_1_65' title='bbox 265 883 473 956; x_wconf 84' lang='lat' dir='ltr'>agitur,</span> <span class='ocrx_word' id='word_1_66' title='bbox 506 886 557 938; x_wconf 75' lang='lat' dir='ltr'>st</span> <span class='ocrx_word' id='word_1_67' title='bbox 597 884 873 938; x_wconf 78' lang='lat' dir='ltr'>adversus</span> <span class='ocrx_word' id='word_1_68' title='bbox 917 897 1046 938; x_wconf 85' lang='lat' dir='ltr'>eam</span> <span class='ocrx_word' id='word_1_69' title='bbox 1085 883 1378 940; x_wconf 79' lang='lat' dir='ltr'>actionem</span> <span class='ocrx_word' id='word_1_70' title='bbox 1430 898 1551 938; x_wconf 88' lang='lat' dir='ltr'>non</span> <span class='ocrx_word' id='word_1_71' title='bbox 1602 883 1935 953; x_wconf 78' lang='lat' dir='ltr'>defendantt</span> 
     </span>
     <span class='ocr_line' id='line_1_11' title="bbox 265 963 1935 1037; baseline -0.001 -18"><span class='ocrx_word' id='word_1_72' title='bbox 265 978 396 1020; x_wconf 81' lang='lat' dir='ltr'>cum</span> <span class='ocrx_word' id='word_1_73' title='bbox 426 963 557 1033; x_wconf 81' lang='lat' dir='ltr'>ipsa</span> <span class='ocrx_word' id='word_1_74' title='bbox 580 964 842 1032; x_wconf 79' lang='lat' dir='ltr'>muliere,</span> <span class='ocrx_word' id='word_1_75' title='bbox 876 964 1010 1018; x_wconf 80' lang='lat' dir='ltr'>dum</span> <span class='ocrx_word' id='word_1_76' title='bbox 1038 963 1095 1018; x_wconf 90' lang='lat' dir='ltr'>in</span> <span class='ocrx_word' id='word_1_77' title='bbox 1128 978 1311 1018; x_wconf 78' lang='lat' dir='ltr'>manu</span> <span class='ocrx_word' id='word_1_78' title='bbox 1342 966 1444 1030; x_wconf 75' lang='lat' dir='ltr'>est,</span> <span class='ocrx_word' id='word_1_79' title='bbox 1476 964 1575 1034; x_wconf 70' lang='lat' dir='ltr'>aqi</span> <span class='ocrx_word' id='word_1_80' title='bbox 1598 967 1808 1033; x_wconf 81' lang='lat' dir='ltr'>potest,</span> <span class='ocrx_word' id='word_1_81' title='bbox 1828 965 1935 1037; x_wconf 62' lang='lat' dir='ltr'>qui«</span> 
     </span>
     <span class='ocr_line' id='line_1_12' title="bbox 267 1043 1779 1114; baseline -0.001 -13"><span class='ocrx_word' id='word_1_82' title='bbox 267 1044 417 1101; x_wconf 79' lang='lat' dir='ltr'>toris</span> <span class='ocrx_word' id='word_1_83' title='bbox 444 1045 774 1100; x_wconf 78' lang='lat' dir='ltr'>auctoritas</span> <span class='ocrx_word' id='word_1_84' title='bbox 809 1044 1142 1101; x_wconf 79' lang='lat' dir='ltr'>necessaria</span> <span class='ocrx_word' id='word_1_85' title='bbox 1171 1059 1295 1099; x_wconf 87' lang='lat' dir='ltr'>non</span> <span class='ocrx_word' id='word_1_86' title='bbox 1324 1046 1427 1100; x_wconf 83' lang='lat' dir='ltr'>est.</span> <span class='ocrx_word' id='word_1_87' title='bbox 1454 1043 1779 1114; x_wconf 82' lang='lat' dir='ltr'>(Huschke.)</span> 
     </span>
    </p>
   </div>
   <div class='ocr_carea' id='block_1_4' title="bbox 264 1167 1935 2593">
    <p class='ocr_par' dir='ltr' id='par_1_4' title="bbox 264 1167 1935 2593">
     <span class='ocr_line' id='line_1_13' title="bbox 264 1167 1922 1232; baseline -0.001 -14"><span class='ocrx_word' id='word_1_88' title='bbox 264 1170 450 1218; x_wconf 79' lang='lat' dir='ltr'>Desunt</span> <span class='ocrx_word' id='word_1_89' title='bbox 473 1169 554 1218; x_wconf 91' lang='lat' dir='ltr'>hic</span> <span class='ocrx_word' id='word_1_90' title='bbox 579 1167 640 1218; x_wconf 82' lang='lat'>20</span> <span class='ocrx_word' id='word_1_91' title='bbox 666 1169 754 1217; x_wconf 89' lang='lat' dir='ltr'>lin.</span> <span class='ocrx_word' id='word_1_92' title='bbox 778 1169 988 1231; x_wconf 89' lang='lat' dir='ltr'>Codicis,</span> <span class='ocrx_word' id='word_1_93' title='bbox 1021 1169 1104 1218; x_wconf 90' lang='lat' dir='ltr'>ubi</span> <span class='ocrx_word' id='word_1_94' title='bbox 1131 1169 1359 1232; x_wconf 84' lang='lat' dir='ltr'>plerique</span> <span class='ocrx_word' id='word_1_95' title='bbox 1388 1171 1566 1231; x_wconf 87' lang='lat' dir='ltr'>putant</span> <span class='ocrx_word' id='word_1_96' title='bbox 1600 1170 1922 1218; x_wconf 85' lang='lat' dir='ltr'>referendum</span> 
     </span>
     <span class='ocr_line' id='line_1_14' title="bbox 327 1238 1935 1303; baseline -0.001 -15"><span class='ocrx_word' id='word_1_97' title='bbox 327 1241 543 1303; x_wconf 83' lang='lat' dir='ltr'>legimus</span> <span class='ocrx_word' id='word_1_98' title='bbox 569 1241 620 1288; x_wconf 90' lang='lat' dir='ltr'>in</span> <span class='ocrx_word' id='word_1_99' title='bbox 655 1241 810 1303; x_wconf 90' lang='lat' dir='ltr'>princ.</span> <span class='ocrx_word' id='word_1_100' title='bbox 839 1240 1005 1290; x_wconf 75' lang='lat' dir='ltr'>Instit.</span> <span class='ocrx_word' id='word_1_101' title='bbox 1050 1241 1254 1300; x_wconf 66' lang='lat' dir='ltr'>sustin„</span> <span class='ocrx_word' id='word_1_102' title='bbox 1292 1242 1368 1298; x_wconf 89' lang='lat' dir='ltr'>IV,</span> <span class='ocrx_word' id='word_1_103' title='bbox 1400 1238 1449 1301; x_wconf 86' lang='lat'>8,</span> <span class='ocrx_word' id='word_1_104' title='bbox 1493 1239 1707 1288; x_wconf 87' lang='lat' dir='ltr'>scilicet:</span> <span class='ocrx_word' id='word_1_105' title='bbox 1760 1257 1780 1284; x_wconf 91' lang='lat'>«</span> <span class='ocrx_word' id='word_1_106' title='bbox 1809 1241 1935 1289; x_wconf 88' lang='lat' dir='ltr'>Anin</span> 
     </span>
     <span class='ocr_line' id='line_1_15' title="bbox 325 1310 1935 1374; baseline 0 -14"><span class='ocrx_word' id='word_1_107' title='bbox 325 1313 476 1372; x_wconf 91' lang='lat' dir='ltr'>mine,</span> <span class='ocrx_word' id='word_1_108' title='bbox 505 1327 617 1374; x_wconf 84' lang='lat' dir='ltr'>quae</span> <span class='ocrx_word' id='word_1_109' title='bbox 644 1312 836 1360; x_wconf 87' lang='lat' dir='ltr'>ratione</span> <span class='ocrx_word' id='word_1_110' title='bbox 873 1316 1068 1371; x_wconf 85' lang='lat' dir='ltr'>carent,</span> <span class='ocrx_word' id='word_1_111' title='bbox 1100 1313 1142 1359; x_wconf 89' lang='lat' dir='ltr'>si</span> <span class='ocrx_word' id='word_1_112' title='bbox 1180 1327 1274 1374; x_wconf 87' lang='lat' dir='ltr'>qua</span> <span class='ocrx_word' id='word_1_113' title='bbox 1302 1310 1505 1359; x_wconf 84' lang='lat' dir='ltr'>lascivia</span> <span class='ocrx_word' id='word_1_114' title='bbox 1527 1314 1611 1358; x_wconf 87' lang='lat' dir='ltr'>aut</span> <span class='ocrx_word' id='word_1_115' title='bbox 1640 1311 1841 1359; x_wconf 84' lang='lat' dir='ltr'>fervore</span> <span class='ocrx_word' id='word_1_116' title='bbox 1873 1310 1935 1371; x_wconf 76' lang='lat' dir='ltr'>(al</span> 
     </span>
     <span class='ocr_line' id='line_1_16' title="bbox 324 1381 1922 1448; baseline 0.001 -18"><span class='ocrx_word' id='word_1_117' title='bbox 324 1386 407 1431; x_wconf 86' lang='lat' dir='ltr'>aut</span> <span class='ocrx_word' id='word_1_118' title='bbox 447 1383 646 1432; x_wconf 84' lang='lat' dir='ltr'>feritate</span> <span class='ocrx_word' id='word_1_119' title='bbox 676 1384 973 1446; x_wconf 74' lang='lat' dir='ltr'>vpauperiem</span> <span class='ocrx_word' id='word_1_120' title='bbox 1015 1383 1247 1448; x_wconf 83' lang='lat' dir='ltr'>fecerint,</span> <span class='ocrx_word' id='word_1_121' title='bbox 1287 1381 1479 1431; x_wconf 85' lang='lat' dir='ltr'>noxalis</span> <span class='ocrx_word' id='word_1_122' title='bbox 1510 1382 1637 1430; x_wconf 88' lang='lat' dir='ltr'>actio</span> <span class='ocrx_word' id='word_1_123' title='bbox 1674 1383 1789 1445; x_wconf 86' lang='lat' dir='ltr'>lege</span> <span class='ocrx_word' id='word_1_124' title='bbox 1836 1383 1922 1431; x_wconf 84' lang='lat' dir='ltr'>XII</span> 
     </span>
     <span class='ocr_line' id='line_1_17' title="bbox 323 1453 1935 1516; baseline -0.001 -13"><span class='ocrx_word' id='word_1_125' title='bbox 323 1456 518 1516; x_wconf 87' lang='lat' dir='ltr'>prodita</span> <span class='ocrx_word' id='word_1_126' title='bbox 541 1459 617 1504; x_wconf 87' lang='lat' dir='ltr'>est</span> <span class='ocrx_word' id='word_1_127' title='bbox 632 1471 642 1502; x_wconf 76' lang='grc' dir='ltr'><strong>ε</strong></span> <span class='ocrx_word' id='word_1_128' title='bbox 659 1469 771 1516; x_wconf 85' lang='lat' dir='ltr'>quae</span> <span class='ocrx_word' id='word_1_129' title='bbox 791 1455 1025 1504; x_wconf 83' lang='lat' dir='ltr'>animalia</span> <span class='ocrx_word' id='word_1_130' title='bbox 1052 1455 1094 1504; x_wconf 90' lang='lat' dir='ltr'>si</span> <span class='ocrx_word' id='word_1_131' title='bbox 1125 1468 1268 1504; x_wconf 81' lang='lat' dir='ltr'>noxoe</span> <span class='ocrx_word' id='word_1_132' title='bbox 1290 1455 1552 1515; x_wconf 83' lang='lat' dir='ltr'>dedantur,</span> <span class='ocrx_word' id='word_1_133' title='bbox 1572 1453 1835 1516; x_wconf 78' lang='lat' dir='ltr'>proficiunt</span> <span class='ocrx_word' id='word_1_134' title='bbox 1850 1467 1935 1502; x_wconf 87' lang='lat' dir='ltr'>reo</span> 
     </span>
     <span class='ocr_line' id='line_1_18' title="bbox 320 1525 1933 1588; baseline 0.001 -15"><span class='ocrx_word' id='word_1_135' title='bbox 320 1527 522 1585; x_wconf 86' lang='lat' dir='ltr'>tionem,</span> <span class='ocrx_word' id='word_1_136' title='bbox 566 1527 683 1588; x_wconf 88' lang='lat' dir='ltr'>quia</span> <span class='ocrx_word' id='word_1_137' title='bbox 717 1528 784 1575; x_wconf 85' lang='lat' dir='ltr'>ita</span> <span class='ocrx_word' id='word_1_138' title='bbox 819 1529 902 1575; x_wconf 89' lang='lat' dir='ltr'>lex</span> <span class='ocrx_word' id='word_1_139' title='bbox 929 1529 1014 1577; x_wconf 84' lang='grc' dir='ltr'>ΧΠ</span> <span class='ocrx_word' id='word_1_140' title='bbox 1063 1529 1164 1576; x_wconf 88' lang='lat' dir='ltr'>tab.</span> <span class='ocrx_word' id='word_1_141' title='bbox 1197 1526 1385 1588; x_wconf 89' lang='lat' dir='ltr'>scripta</span> <span class='ocrx_word' id='word_1_142' title='bbox 1422 1529 1513 1574; x_wconf 89' lang='lat' dir='ltr'>est.</span> <span class='ocrx_word' id='word_1_143' title='bbox 1539 1544 1561 1572; x_wconf 69' lang='lat' dir='ltr'>n</span> <span class='ocrx_word' id='word_1_144' title='bbox 1601 1553 1665 1562; x_wconf 87' lang='lat'>--</span> <span class='ocrx_word' id='word_1_145' title='bbox 1694 1525 1842 1574; x_wconf 75' lang='lat' dir='ltr'>Gaius</span> <span class='ocrx_word' id='word_1_146' title='bbox 1871 1538 1933 1588; x_wconf 89' lang='lat' dir='ltr'>po</span> 
     </span>
     <span class='ocr_line' id='line_1_19' title="bbox 319 1599 1920 1664; baseline -0.001 -17"><span class='ocrx_word' id='word_1_147' title='bbox 319 1599 453 1664; x_wconf 70' lang='lat' dir='ltr'>xisse</span> <span class='ocrx_word' id='word_1_148' title='bbox 474 1599 672 1647; x_wconf 89' lang='lat' dir='ltr'>videtur</span> <span class='ocrx_word' id='word_1_149' title='bbox 703 1600 826 1648; x_wconf 90' lang='lat' dir='ltr'>illud</span> <span class='ocrx_word' id='word_1_150' title='bbox 853 1600 1078 1649; x_wconf 86' lang='lat' dir='ltr'>omnium</span> <span class='ocrx_word' id='word_1_151' title='bbox 1109 1599 1364 1648; x_wconf 85' lang='lat' dir='ltr'>noxalium</span> <span class='ocrx_word' id='word_1_152' title='bbox 1384 1600 1638 1648; x_wconf 88' lang='lat' dir='ltr'>actionum</span> <span class='ocrx_word' id='word_1_153' title='bbox 1660 1612 1920 1647; x_wconf 87' lang='lat' dir='ltr'>commune</span> 
     </span>
     <span class='ocr_line' id='line_1_20' title="bbox 321 1670 1935 1721; baseline -0.001 -3"><span class='ocrx_word' id='word_1_154' title='bbox 321 1670 362 1718; x_wconf 91' lang='lat' dir='ltr'>si</span> <span class='ocrx_word' id='word_1_155' title='bbox 393 1684 566 1718; x_wconf 85' lang='lat' dir='ltr'>servus</span> <span class='ocrx_word' id='word_1_156' title='bbox 596 1672 674 1718; x_wconf 89' lang='lat' dir='ltr'>vel</span> <span class='ocrx_word' id='word_1_157' title='bbox 703 1671 890 1718; x_wconf 85' lang='lat' dir='ltr'>animal</span> <span class='ocrx_word' id='word_1_158' title='bbox 923 1675 1043 1718; x_wconf 89' lang='lat' dir='ltr'>ante</span> <span class='ocrx_word' id='word_1_159' title='bbox 1066 1672 1167 1719; x_wconf 88' lang='lat' dir='ltr'>litis</span> <span class='ocrx_word' id='word_1_160' title='bbox 1189 1671 1608 1721; x_wconf 76' lang='lat' dir='ltr'>contestationem</span> <span class='ocrx_word' id='word_1_161' title='bbox 1640 1673 1890 1720; x_wconf 86' lang='lat' dir='ltr'>mortuum</span> <span class='ocrx_word' id='word_1_162' title='bbox 1928 1685 1935 1716; x_wconf 71' lang='grc' dir='ltr'><strong>ε</strong></span> 
     </span>
     <span class='ocr_line' id='line_1_21' title="bbox 324 1739 1935 1807; baseline 0 -17"><span class='ocrx_word' id='word_1_163' title='bbox 324 1742 450 1803; x_wconf 81' lang='lat' dir='ltr'>actio</span> <span class='ocrx_word' id='word_1_164' title='bbox 481 1743 800 1804; x_wconf 83' lang='lat' dir='ltr'>extinguatur</span> <span class='ocrx_word' id='word_1_165' title='bbox 831 1740 926 1804; x_wconf 87' lang='lat' dir='ltr'>(Fr.</span> <span class='ocrx_word' id='word_1_166' title='bbox 949 1739 995 1790; x_wconf 89' lang='lat'>1.</span> <span class='ocrx_word' id='word_1_167' title='bbox 1025 1741 1052 1806; x_wconf 62' lang='grc' dir='ltr'><strong>ἓ</strong></span> <span class='ocrx_word' id='word_1_168' title='bbox 1076 1741 1154 1800; x_wconf 85' lang='grc'>13,</span> <span class='ocrx_word' id='word_1_169' title='bbox 1177 1743 1305 1804; x_wconf 67' lang='lat' dir='ltr'>Dig„</span> <span class='ocrx_word' id='word_1_170' title='bbox 1326 1742 1375 1800; x_wconf 88' lang='lat'>9,</span> <span class='ocrx_word' id='word_1_171' title='bbox 1399 1743 1421 1789; x_wconf 92' lang='lat'><strong>1</strong></span> <span class='ocrx_word' id='word_1_172' title='bbox 1442 1758 1455 1802; x_wconf 91' lang='lat'>;</span> <span class='ocrx_word' id='word_1_173' title='bbox 1479 1744 1556 1792; x_wconf 88' lang='lat' dir='ltr'>Fr.</span> <span class='ocrx_word' id='word_1_174' title='bbox 1579 1742 1655 1791; x_wconf 88' lang='lat'>39.</span> <span class='ocrx_word' id='word_1_175' title='bbox 1675 1740 1701 1807; x_wconf 62' lang='grc' dir='ltr'>ἓ</span> <span class='ocrx_word' id='word_1_176' title='bbox 1728 1741 1777 1803; x_wconf 76' lang='grc'>4,</span> <span class='ocrx_word' id='word_1_177' title='bbox 1806 1746 1853 1790; x_wconf 88' lang='lat' dir='ltr'>et</span> <span class='ocrx_word' id='word_1_178' title='bbox 1874 1741 1935 1790; x_wconf 79' lang='lat'>26</span> 
     </span>
     <span class='ocr_line' id='line_1_22' title="bbox 319 1812 1932 1878; baseline -0.002 -15"><span class='ocrx_word' id='word_1_179' title='bbox 319 1813 365 1872; x_wconf 84' lang='lat'>9,</span> <span class='ocrx_word' id='word_1_180' title='bbox 394 1813 462 1878; x_wconf 79' lang='lat'>4).</span> <span class='ocrx_word' id='word_1_181' title='bbox 495 1813 640 1862; x_wconf 86' lang='lat' dir='ltr'>Aliud</span> <span class='ocrx_word' id='word_1_182' title='bbox 667 1812 796 1874; x_wconf 70' lang='lat' dir='ltr'>,iuris</span> <span class='ocrx_word' id='word_1_183' title='bbox 826 1826 955 1872; x_wconf 88' lang='lat' dir='ltr'>esse,</span> <span class='ocrx_word' id='word_1_184' title='bbox 985 1813 1027 1860; x_wconf 90' lang='lat' dir='ltr'>si</span> <span class='ocrx_word' id='word_1_185' title='bbox 1054 1818 1163 1874; x_wconf 85' lang='lat' dir='ltr'>post</span> <span class='ocrx_word' id='word_1_186' title='bbox 1192 1812 1294 1861; x_wconf 89' lang='lat' dir='ltr'>litis</span> <span class='ocrx_word' id='word_1_187' title='bbox 1324 1815 1743 1862; x_wconf 85' lang='lat' dir='ltr'>contestationem</span> <span class='ocrx_word' id='word_1_188' title='bbox 1773 1812 1932 1861; x_wconf 88' lang='lat' dir='ltr'>moria</span> 
     </span>
     <span class='ocr_line' id='line_1_23' title="bbox 322 1881 1935 1948; baseline -0.001 -16"><span class='ocrx_word' id='word_1_189' title='bbox 322 1885 428 1945; x_wconf 82' lang='lat' dir='ltr'>Dig.</span> <span class='ocrx_word' id='word_1_190' title='bbox 474 1883 616 1944; x_wconf 69' lang='lat' dir='ltr'>ibid„</span> <span class='ocrx_word' id='word_1_191' title='bbox 646 1886 722 1932; x_wconf 88' lang='lat' dir='ltr'>Fr.</span> <span class='ocrx_word' id='word_1_192' title='bbox 758 1883 839 1932; x_wconf 88' lang='lat'>37.</span> <span class='ocrx_word' id='word_1_193' title='bbox 876 1881 900 1948; x_wconf 64' lang='grc' dir='ltr'><strong>ἓ</strong></span> <span class='ocrx_word' id='word_1_194' title='bbox 927 1882 974 1943; x_wconf 88' lang='grc'>1,</span> <span class='ocrx_word' id='word_1_195' title='bbox 1007 1883 1138 1946; x_wconf 64' lang='grc' dir='ltr'><strong>Βί3.,</strong></span> <span class='ocrx_word' id='word_1_196' title='bbox 1173 1883 1220 1944; x_wconf 89' lang='grc'>9,</span> <span class='ocrx_word' id='word_1_197' title='bbox 1250 1882 1301 1947; x_wconf 77' lang='grc'>2)</span> <span class='ocrx_word' id='word_1_198' title='bbox 1322 1897 1344 1943; x_wconf 86' lang='grc'>;.</span> <span class='ocrx_word' id='word_1_199' title='bbox 1369 1898 1465 1945; x_wconf 88' lang='lat' dir='ltr'>quo</span> <span class='ocrx_word' id='word_1_200' title='bbox 1496 1898 1611 1932; x_wconf 85' lang='lat' dir='ltr'>casu</span> <span class='ocrx_word' id='word_1_201' title='bbox 1649 1897 1714 1931; x_wconf 87' lang='lat' dir='ltr'>ne</span> <span class='ocrx_word' id='word_1_202' title='bbox 1741 1888 1935 1931; x_wconf 87' lang='lat' dir='ltr'>mortuu</span> 
     </span>
     <span class='ocr_line' id='line_1_24' title="bbox 304 1954 1935 2023; baseline -0.002 -20"><span class='ocrx_word' id='word_1_203' title='bbox 304 1955 567 2003; x_wconf 59' lang='lat' dir='ltr'>vhominem</span> <span class='ocrx_word' id='word_1_204' title='bbox 598 1969 742 2004; x_wconf 77' lang='lat' dir='ltr'>noxae</span> <span class='ocrx_word' id='word_1_205' title='bbox 777 1957 898 2004; x_wconf 87' lang='lat' dir='ltr'>dare</span> <span class='ocrx_word' id='word_1_206' title='bbox 923 1969 1003 2002; x_wconf 88' lang='lat' dir='ltr'>reo</span> <span class='ocrx_word' id='word_1_207' title='bbox 1039 1955 1206 2004; x_wconf 89' lang='lat' dir='ltr'>licere.</span> <span class='ocrx_word' id='word_1_208' title='bbox 1228 1956 1384 2023; x_wconf 68' lang='lat' dir='ltr'>Plane</span> <span class='ocrx_word' id='word_1_209' title='bbox 1419 1955 1461 2003; x_wconf 89' lang='lat' dir='ltr'>si</span> <span class='ocrx_word' id='word_1_210' title='bbox 1490 1955 1535 2002; x_wconf 90' lang='lat' dir='ltr'>is</span> <span class='ocrx_word' id='word_1_211' title='bbox 1566 1956 1626 2002; x_wconf 89' lang='lat' dir='ltr'>ab</span> <span class='ocrx_word' id='word_1_212' title='bbox 1656 1954 1753 2002; x_wconf 87' lang='lat' dir='ltr'>alio</span> <span class='ocrx_word' id='word_1_213' title='bbox 1784 1954 1935 2003; x_wconf 68' lang='lat' dir='ltr'>occist</span> 
     </span>
     <span class='ocr_line' id='line_1_25' title="bbox 319 2025 1935 2090; baseline -0.001 -14"><span class='ocrx_word' id='word_1_214' title='bbox 319 2027 516 2076; x_wconf 88' lang='lat' dir='ltr'>nomine</span> <span class='ocrx_word' id='word_1_215' title='bbox 545 2027 592 2075; x_wconf 89' lang='lat' dir='ltr'>ei</span> <span class='ocrx_word' id='word_1_216' title='bbox 619 2028 744 2090; x_wconf 81' lang='lat' dir='ltr'>legis</span> <span class='ocrx_word' id='word_1_217' title='bbox 771 2028 980 2089; x_wconf 84' lang='lat' dir='ltr'>Aquiliae</span> <span class='ocrx_word' id='word_1_218' title='bbox 1011 2028 1136 2076; x_wconf 87' lang='lat' dir='ltr'>actio</span> <span class='ocrx_word' id='word_1_219' title='bbox 1162 2028 1242 2087; x_wconf 89' lang='lat' dir='ltr'>sit,</span> <span class='ocrx_word' id='word_1_220' title='bbox 1263 2042 1460 2089; x_wconf 83' lang='lat' dir='ltr'>aequum</span> <span class='ocrx_word' id='word_1_221' title='bbox 1488 2027 1649 2076; x_wconf 89' lang='lat' dir='ltr'>visum</span> <span class='ocrx_word' id='word_1_222' title='bbox 1677 2041 1788 2076; x_wconf 85' lang='lat' dir='ltr'>esse</span> <span class='ocrx_word' id='word_1_223' title='bbox 1819 2025 1935 2089; x_wconf 83' lang='lat' dir='ltr'>(hae‹</span> 
     </span>
     <span class='ocr_line' id='line_1_26' title="bbox 317 2097 1935 2162; baseline -0.002 -14"><span class='ocrx_word' id='word_1_224' title='bbox 317 2097 643 2162; x_wconf 85' lang='lat' dir='ltr'>comparent),</span> <span class='ocrx_word' id='word_1_225' title='bbox 671 2100 728 2148; x_wconf 81' lang='lat' dir='ltr'>ut</span> <span class='ocrx_word' id='word_1_226' title='bbox 748 2099 926 2161; x_wconf 71' lang='lat' dir='ltr'>judex,</span> <span class='ocrx_word' id='word_1_227' title='bbox 946 2100 988 2149; x_wconf 80' lang='grc' dir='ltr'>.ςὶ</span> <span class='ocrx_word' id='word_1_228' title='bbox 1024 2114 1139 2148; x_wconf 87' lang='lat' dir='ltr'>reus</span> <span class='ocrx_word' id='word_1_229' title='bbox 1163 2114 1272 2148; x_wconf 88' lang='lat' dir='ltr'>eam</span> <span class='ocrx_word' id='word_1_230' title='bbox 1302 2100 1555 2148; x_wconf 86' lang='lat' dir='ltr'>actionem</span> <span class='ocrx_word' id='word_1_231' title='bbox 1570 2103 1809 2162; x_wconf 75' lang='lat' dir='ltr'>proestare</span> <span class='ocrx_word' id='word_1_232' title='bbox 1839 2102 1935 2147; x_wconf 77' lang='lat' dir='ltr'>act(</span> 
     </span>
     <span class='ocr_line' id='line_1_27' title="bbox 315 2167 1935 2235; baseline 0 -16"><span class='ocrx_word' id='word_1_233' title='bbox 315 2172 396 2229; x_wconf 83' lang='lat' dir='ltr'>sit,</span> <span class='ocrx_word' id='word_1_234' title='bbox 425 2185 540 2219; x_wconf 91' lang='lat' dir='ltr'>eum</span> <span class='ocrx_word' id='word_1_235' title='bbox 570 2172 790 2219; x_wconf 88' lang='lat' dir='ltr'>absolvat</span> <span class='ocrx_word' id='word_1_236' title='bbox 815 2171 908 2233; x_wconf 86' lang='lat' dir='ltr'>(Fr.</span> <span class='ocrx_word' id='word_1_237' title='bbox 943 2170 990 2228; x_wconf 90' lang='lat'>1,</span> <span class='ocrx_word' id='word_1_238' title='bbox 1018 2167 1042 2234; x_wconf 69' lang='grc' dir='ltr'><strong>ἕ</strong></span> <span class='ocrx_word' id='word_1_239' title='bbox 1072 2170 1151 2231; x_wconf 86' lang='grc'>16,</span> <span class='ocrx_word' id='word_1_240' title='bbox 1187 2172 1314 2233; x_wconf 64' lang='lat' dir='ltr'>mg„</span> <span class='ocrx_word' id='word_1_241' title='bbox 1338 2169 1495 2235; x_wconf 81' lang='lat'>9‚1.).</span> <span class='ocrx_word' id='word_1_242' title='bbox 1521 2170 1733 2233; x_wconf 86' lang='lat' dir='ltr'>Reliqua</span> <span class='ocrx_word' id='word_1_243' title='bbox 1761 2171 1935 2234; x_wconf 81' lang='lat' dir='ltr'>pagina</span> 
     </span>
     <span class='ocr_line' id='line_1_28' title="bbox 315 2242 1932 2307; baseline 0 -17"><span class='ocrx_word' id='word_1_244' title='bbox 315 2246 444 2291; x_wconf 84' lang='lat' dir='ltr'>tasse</span> <span class='ocrx_word' id='word_1_245' title='bbox 477 2242 864 2291; x_wconf 83' lang='lat' dir='ltr'>controversiam</span> <span class='ocrx_word' id='word_1_246' title='bbox 894 2245 1146 2304; x_wconf 84' lang='lat' dir='ltr'>spectabat</span> <span class='ocrx_word' id='word_1_247' title='bbox 1177 2242 1319 2291; x_wconf 89' lang='lat' dir='ltr'>nobis</span> <span class='ocrx_word' id='word_1_248' title='bbox 1348 2242 1673 2307; x_wconf 83' lang='lat' dir='ltr'>incognitam,</span> <span class='ocrx_word' id='word_1_249' title='bbox 1696 2257 1758 2290; x_wconf 87' lang='lat' dir='ltr'>an</span> <span class='ocrx_word' id='word_1_250' title='bbox 1784 2242 1932 2291; x_wconf 88' lang='lat' dir='ltr'>etiam</span> 
     </span>
     <span class='ocr_line' id='line_1_29' title="bbox 318 2314 1935 2377; baseline 0.001 -16"><span class='ocrx_word' id='word_1_251' title='bbox 318 2317 396 2361; x_wconf 85' lang='lat' dir='ltr'>tus</span> <span class='ocrx_word' id='word_1_252' title='bbox 429 2315 558 2377; x_wconf 83' lang='lat' dir='ltr'>legis</span> <span class='ocrx_word' id='word_1_253' title='bbox 588 2314 796 2375; x_wconf 82' lang='lat' dir='ltr'>Aquilioe</span> <span class='ocrx_word' id='word_1_254' title='bbox 826 2314 1076 2362; x_wconf 87' lang='lat' dir='ltr'>actionem</span> <span class='ocrx_word' id='word_1_255' title='bbox 1123 2314 1281 2363; x_wconf 86' lang='lat' dir='ltr'>actori</span> <span class='ocrx_word' id='word_1_256' title='bbox 1309 2316 1528 2374; x_wconf 90' lang='lat' dir='ltr'>cederet,</span> <span class='ocrx_word' id='word_1_257' title='bbox 1558 2316 1873 2373; x_wconf 85' lang='lat' dir='ltr'>liberaretur,</span> <span class='ocrx_word' id='word_1_258' title='bbox 1906 2329 1935 2375; x_wconf 90' lang='lat' dir='ltr'><strong>q</strong></span> 
     </span>
     <span class='ocr_line' id='line_1_30' title="bbox 317 2386 1935 2449; baseline 0.001 -16"><span class='ocrx_word' id='word_1_259' title='bbox 317 2389 476 2447; x_wconf 88' lang='lat' dir='ltr'>erant,</span> <span class='ocrx_word' id='word_1_260' title='bbox 503 2386 587 2446; x_wconf 90' lang='lat' dir='ltr'>qui</span> <span class='ocrx_word' id='word_1_261' title='bbox 616 2386 974 2445; x_wconf 86' lang='lat' dir='ltr'>existimarent,</span> <span class='ocrx_word' id='word_1_262' title='bbox 1007 2390 1306 2449; x_wconf 85' lang='lat' dir='ltr'>argumento</span> <span class='ocrx_word' id='word_1_263' title='bbox 1338 2387 1445 2435; x_wconf 87' lang='lat' dir='ltr'>sino</span> <span class='ocrx_word' id='word_1_264' title='bbox 1486 2388 1636 2436; x_wconf 89' lang='lat' dir='ltr'>dubio</span> <span class='ocrx_word' id='word_1_265' title='bbox 1681 2388 1935 2436; x_wconf 81' lang='lat' dir='ltr'>utebantm</span> 
     </span>
     <span class='ocr_line' id='line_1_31' title="bbox 317 2458 1935 2519; baseline 0.001 -15"><span class='ocrx_word' id='word_1_266' title='bbox 317 2471 429 2505; x_wconf 85' lang='lat' dir='ltr'>reus</span> <span class='ocrx_word' id='word_1_267' title='bbox 459 2458 610 2505; x_wconf 87' lang='lat' dir='ltr'>etiam</span> <span class='ocrx_word' id='word_1_268' title='bbox 639 2458 749 2505; x_wconf 90' lang='lat' dir='ltr'>sine</span> <span class='ocrx_word' id='word_1_269' title='bbox 784 2458 926 2519; x_wconf 85' lang='lat' dir='ltr'>culpa</span> <span class='ocrx_word' id='word_1_270' title='bbox 965 2471 1054 2506; x_wconf 88' lang='lat' dir='ltr'>sua</span> <span class='ocrx_word' id='word_1_271' title='bbox 1070 2463 1325 2507; x_wconf 88' lang='lat' dir='ltr'>mortuum</span> <span class='ocrx_word' id='word_1_272' title='bbox 1343 2459 1595 2507; x_wconf 86' lang='lat' dir='ltr'>hominem</span> <span class='ocrx_word' id='word_1_273' title='bbox 1626 2460 1857 2508; x_wconf 89' lang='lat' dir='ltr'>dedendo</span> <span class='ocrx_word' id='word_1_274' title='bbox 1888 2459 1935 2507; x_wconf 87' lang='lat' dir='ltr'>li]</span> 
     </span>
     <span class='ocr_line' id='line_1_32' title="bbox 314 2527 1124 2593; baseline 0.001 -17"><span class='ocrx_word' id='word_1_275' title='bbox 314 2542 469 2589; x_wconf 88' lang='lat' dir='ltr'>eoque</span> <span class='ocrx_word' id='word_1_276' title='bbox 501 2527 738 2593; x_wconf 51' lang='lat' dir='ltr'>spectat&amp;</span> <span class='ocrx_word' id='word_1_277' title='bbox 766 2527 846 2576; x_wconf 87' lang='lat'>81.</span> <span class='ocrx_word' id='word_1_278' title='bbox 878 2528 1124 2577; x_wconf 84' lang='lat' dir='ltr'>Huschke.</span> 
     </span>
    </p>
   </div>
   <div class='ocr_carea' id='block_1_5' title="bbox 249 2656 1935 3609">
    <p class='ocr_par' dir='ltr' id='par_1_5' title="bbox 251 2656 1935 2895">
     <span class='ocr_line' id='line_1_33' title="bbox 326 2656 1935 2731; baseline 0 -17"><span class='ocrx_word' id='word_1_279' title='bbox 326 2662 453 2715; x_wconf 70' lang='lat'>81.</span> <span class='ocrx_word' id='word_1_280' title='bbox 485 2660 636 2727; x_wconf 82' lang='lat' dir='ltr'>Quid</span> <span class='ocrx_word' id='word_1_281' title='bbox 666 2674 793 2731; x_wconf 72' lang='lat' dir='ltr'>erqo</span> <span class='ocrx_word' id='word_1_282' title='bbox 818 2659 948 2715; x_wconf 81' lang='lat' dir='ltr'>est?</span> <span class='ocrx_word' id='word_1_283' title='bbox 975 2658 1203 2716; x_wconf 78' lang='lat' dir='ltr'>etiamsi</span> <span class='ocrx_word' id='word_1_284' title='bbox 1221 2660 1278 2714; x_wconf 85' lang='lat' dir='ltr'>ei</span> <span class='ocrx_word' id='word_1_285' title='bbox 1302 2658 1368 2715; x_wconf 85' lang='lat' dir='ltr'>de</span> <span class='ocrx_word' id='word_1_286' title='bbox 1387 2674 1498 2730; x_wconf 81' lang='lat' dir='ltr'>qua</span> <span class='ocrx_word' id='word_1_287' title='bbox 1523 2673 1588 2714; x_wconf 80' lang='lat' dir='ltr'>re</span> <span class='ocrx_word' id='word_1_288' title='bbox 1620 2656 1850 2714; x_wconf 84' lang='lat' dir='ltr'>diximus</span> <span class='ocrx_word' id='word_1_289' title='bbox 1875 2672 1935 2730; x_wconf 70' lang='lat' dir='ltr'>qt</span> 
     </span>
     <span class='ocr_line' id='line_1_34' title="bbox 251 2738 1935 2812; baseline 0 -20"><span class='ocrx_word' id='word_1_290' title='bbox 251 2738 581 2812; x_wconf 88' lang='lat' dir='ltr'>permissum</span> <span class='ocrx_word' id='word_1_291' title='bbox 623 2740 805 2808; x_wconf 88' lang='lat' dir='ltr'>fuerit,</span> <span class='ocrx_word' id='word_1_292' title='bbox 856 2748 908 2795; x_wconf 90' lang='lat' dir='ltr'>et</span> <span class='ocrx_word' id='word_1_293' title='bbox 948 2749 1193 2797; x_wconf 88' lang='lat' dir='ltr'>mortuos</span> <span class='ocrx_word' id='word_1_294' title='bbox 1226 2739 1479 2795; x_wconf 87' lang='lat' dir='ltr'>homines</span> <span class='ocrx_word' id='word_1_295' title='bbox 1510 2739 1735 2809; x_wconf 87' lang='lat' dir='ltr'>dedere,</span> <span class='ocrx_word' id='word_1_296' title='bbox 1764 2746 1935 2795; x_wconf 84' lang='lat' dir='ltr'>tamen</span> 
     </span>
     <span class='ocr_line' id='line_1_35' title="bbox 251 2817 1935 2895; baseline 0.001 -21"><span class='ocrx_word' id='word_1_297' title='bbox 251 2836 374 2875; x_wconf 89' lang='lat' dir='ltr'>eum</span> <span class='ocrx_word' id='word_1_298' title='bbox 405 2817 620 2874; x_wconf 90' lang='lat' dir='ltr'>dederit</span> <span class='ocrx_word' id='word_1_299' title='bbox 647 2819 741 2891; x_wconf 81' lang='lat' dir='ltr'>qui</span> <span class='ocrx_word' id='word_1_300' title='bbox 770 2819 880 2874; x_wconf 86' lang='lat' dir='ltr'>fato</span> <span class='ocrx_word' id='word_1_301' title='bbox 914 2838 1011 2876; x_wconf 92' lang='lat' dir='ltr'>suo</span> <span class='ocrx_word' id='word_1_302' title='bbox 1043 2822 1155 2878; x_wconf 84' lang='lat' dir='ltr'>vita</span> <span class='ocrx_word' id='word_1_303' title='bbox 1180 2821 1494 2891; x_wconf 87' lang='lat' dir='ltr'>excesserit,</span> <span class='ocrx_word' id='word_1_304' title='bbox 1529 2837 1685 2895; x_wconf 85' lang='lat' dir='ltr'>aeque</span> <span class='ocrx_word' id='word_1_305' title='bbox 1714 2820 1935 2877; x_wconf 68' lang='lat' dir='ltr'>liberata</span> 
     </span>
    </p>

    <p class='ocr_par' dir='ltr' id='par_1_6' title="bbox 249 2896 1935 3608">
     <span class='ocr_line' id='line_1_36' title="bbox 323 2896 1935 2975; baseline 0.001 -21"><span class='ocrx_word' id='word_1_306' title='bbox 323 2896 619 2956; x_wconf 65' lang='lat' dir='ltr'>§8.Nunc</span> <span class='ocrx_word' id='word_1_307' title='bbox 642 2898 970 2955; x_wconf 89' lang='lat' dir='ltr'>admonendi</span> <span class='ocrx_word' id='word_1_308' title='bbox 995 2918 1184 2958; x_wconf 89' lang='lat' dir='ltr'>sumus</span> <span class='ocrx_word' id='word_1_309' title='bbox 1213 2919 1381 2975; x_wconf 84' lang='lat' dir='ltr'>agere</span> <span class='ocrx_word' id='word_1_310' title='bbox 1415 2918 1515 2959; x_wconf 90' lang='lat' dir='ltr'>nos</span> <span class='ocrx_word' id='word_1_311' title='bbox 1544 2909 1636 2959; x_wconf 86' lang='lat' dir='ltr'>aut</span> <span class='ocrx_word' id='word_1_312' title='bbox 1666 2910 1849 2957; x_wconf 90' lang='lat' dir='ltr'>nostro</span> <span class='ocrx_word' id='word_1_313' title='bbox 1879 2917 1935 2956; x_wconf 80' lang='lat' dir='ltr'>nt</span> 
     </span>
     <span class='ocr_line' id='line_1_37' title="bbox 253 2978 1935 3055; baseline 0 -20"><span class='ocrx_word' id='word_1_314' title='bbox 253 2978 451 3048; x_wconf 88' lang='lat' dir='ltr'>alieno,</span> <span class='ocrx_word' id='word_1_315' title='bbox 493 2978 661 3035; x_wconf 83' lang='lat' dir='ltr'>veluti</span> <span class='ocrx_word' id='word_1_316' title='bbox 702 2980 1026 3053; x_wconf 83' lang='lat' dir='ltr'>cognitorio,</span> <span class='ocrx_word' id='word_1_317' title='bbox 1073 2983 1473 3055; x_wconf 80' lang='lat' dir='ltr'>procuratoriO,</span> <span class='ocrx_word' id='word_1_318' title='bbox 1524 2983 1749 3049; x_wconf 80' lang='lat' dir='ltr'>tutorio,</span> <span class='ocrx_word' id='word_1_319' title='bbox 1778 2988 1935 3037; x_wconf 86' lang='lat' dir='ltr'>curat</span> 
     </span>
     <span class='ocr_line' id='line_1_38' title="bbox 253 3059 1935 3134; baseline -0.001 -19"><span class='ocrx_word' id='word_1_320' title='bbox 253 3059 400 3129; x_wconf 90' lang='lat' dir='ltr'>olim,</span> <span class='ocrx_word' id='word_1_321' title='bbox 431 3075 537 3134; x_wconf 91' lang='lat' dir='ltr'>quo</span> <span class='ocrx_word' id='word_1_322' title='bbox 564 3068 811 3134; x_wconf 90' lang='lat' dir='ltr'>tempore</span> <span class='ocrx_word' id='word_1_323' title='bbox 840 3061 981 3134; x_wconf 86' lang='lat' dir='ltr'>legis</span> <span class='ocrx_word' id='word_1_324' title='bbox 1017 3062 1259 3117; x_wconf 89' lang='lat' dir='ltr'>actiones</span> <span class='ocrx_word' id='word_1_325' title='bbox 1294 3063 1352 3116; x_wconf 89' lang='lat' dir='ltr'>in</span> <span class='ocrx_word' id='word_1_326' title='bbox 1382 3079 1484 3117; x_wconf 90' lang='lat' dir='ltr'>usu</span> <span class='ocrx_word' id='word_1_327' title='bbox 1510 3062 1764 3128; x_wconf 87' lang='lat' dir='ltr'>fuissent,</span> <span class='ocrx_word' id='word_1_328' title='bbox 1797 3060 1935 3116; x_wconf 90' lang='lat' dir='ltr'>alien</span> 
     </span>
     <span class='ocr_line' id='line_1_39' title="bbox 251 3140 1935 3216; baseline -0.001 -20"><span class='ocrx_word' id='word_1_329' title='bbox 251 3156 414 3212; x_wconf 85' lang='lat' dir='ltr'>agere</span> <span class='ocrx_word' id='word_1_330' title='bbox 436 3157 546 3195; x_wconf 91' lang='lat' dir='ltr'>non</span> <span class='ocrx_word' id='word_1_331' title='bbox 576 3140 782 3209; x_wconf 90' lang='lat' dir='ltr'>liceret,</span> <span class='ocrx_word' id='word_1_332' title='bbox 798 3145 1175 3216; x_wconf 78' lang='lat' dir='ltr'>praeterquam</span> <span class='ocrx_word' id='word_1_333' title='bbox 1195 3142 1361 3198; x_wconf 83' lang='lat' dir='ltr'>certis</span> <span class='ocrx_word' id='word_1_334' title='bbox 1386 3142 1582 3197; x_wconf 88' lang='lat' dir='ltr'>causis.</span> <span class='ocrx_word' id='word_1_335' title='bbox 1688 3145 1817 3196; x_wconf 71' lang='grc'>83.</span> <span class='ocrx_word' id='word_1_336' title='bbox 1836 3140 1935 3214; x_wconf 76' lang='grc' dir='ltr'>0οὲ</span> 
     </span>
     <span class='ocr_line' id='line_1_40' title="bbox 251 3219 1935 3278; baseline 0.001 -3"><span class='ocrx_word' id='word_1_337' title='bbox 251 3228 360 3275; x_wconf 88' lang='lat' dir='ltr'>tem</span> <span class='ocrx_word' id='word_1_338' title='bbox 384 3219 547 3276; x_wconf 88' lang='lat' dir='ltr'>certis</span> <span class='ocrx_word' id='word_1_339' title='bbox 572 3219 756 3275; x_wconf 84' lang='lat' dir='ltr'>verbis</span> <span class='ocrx_word' id='word_1_340' title='bbox 795 3220 850 3274; x_wconf 91' lang='lat' dir='ltr'>in</span> <span class='ocrx_word' id='word_1_341' title='bbox 888 3220 1036 3277; x_wconf 88' lang='lat' dir='ltr'>litem</span> <span class='ocrx_word' id='word_1_342' title='bbox 1087 3238 1274 3278; x_wconf 88' lang='lat' dir='ltr'>coram</span> <span class='ocrx_word' id='word_1_343' title='bbox 1319 3220 1631 3278; x_wconf 87' lang='lat' dir='ltr'>adversario</span> <span class='ocrx_word' id='word_1_344' title='bbox 1663 3220 1935 3276; x_wconf 83' lang='lat' dir='ltr'>substituit</span> 
     </span>
     <span class='ocr_line' id='line_1_41' title="bbox 251 3300 1935 3375; baseline -0.001 -18"><span class='ocrx_word' id='word_1_345' title='bbox 251 3309 402 3358; x_wconf 87' lang='lat' dir='ltr'>actor</span> <span class='ocrx_word' id='word_1_346' title='bbox 433 3300 520 3356; x_wconf 87' lang='lat' dir='ltr'>ita</span> <span class='ocrx_word' id='word_1_347' title='bbox 553 3300 895 3372; x_wconf 85' lang='lat' dir='ltr'>cognitorem</span> <span class='ocrx_word' id='word_1_348' title='bbox 929 3302 1018 3357; x_wconf 87' lang='lat' dir='ltr'>dat</span> <span class='ocrx_word' id='word_1_349' title='bbox 1054 3320 1065 3355; x_wconf 77' lang='grc' dir='ltr'>ε</span> <span class='ocrx_word' id='word_1_350' title='bbox 1099 3316 1246 3365; x_wconf 78' lang='lat' dir='ltr'>ouon</span> <span class='ocrx_word' id='word_1_351' title='bbox 1284 3316 1391 3363; x_wconf 82' lang='lat' dir='ltr'>EGo</span> <span class='ocrx_word' id='word_1_352' title='bbox 1418 3316 1453 3358; x_wconf 83' lang='grc' dir='ltr'><strong>Α</strong></span> <span class='ocrx_word' id='word_1_353' title='bbox 1486 3317 1555 3359; x_wconf 72' lang='grc' dir='ltr'>ΤΕ</span> <span class='ocrx_word' id='word_1_354' title='bbox 1592 3301 1750 3357; x_wconf 83' lang='lat' dir='ltr'>verbi</span> <span class='ocrx_word' id='word_1_355' title='bbox 1795 3302 1935 3375; x_wconf 86' lang='lat' dir='ltr'>grati</span> 
     </span>
     <span class='ocr_line' id='line_1_42' title="bbox 250 3383 1935 3452; baseline 0.002 -18"><span class='ocrx_word' id='word_1_356' title='bbox 250 3394 479 3449; x_wconf 83' lang='lat' dir='ltr'>PETO,1N</span> <span class='ocrx_word' id='word_1_357' title='bbox 509 3394 617 3435; x_wconf 78' lang='lat' dir='ltr'>EAM</span> <span class='ocrx_word' id='word_1_358' title='bbox 648 3394 754 3436; x_wconf 76' lang='lat' dir='ltr'>REM</span> <span class='ocrx_word' id='word_1_359' title='bbox 782 3395 1052 3438; x_wconf 82' lang='lat' dir='ltr'>L.T1T1UM</span> <span class='ocrx_word' id='word_1_360' title='bbox 1084 3395 1192 3438; x_wconf 80' lang='lat'>&#39;1&#39;1131</span> <span class='ocrx_word' id='word_1_361' title='bbox 1223 3395 1576 3439; x_wconf 76' lang='lat' dir='ltr'>COGNITOREM</span> <span class='ocrx_word' id='word_1_362' title='bbox 1608 3395 1707 3452; x_wconf 68' lang='grc' dir='ltr'>θος</span> <span class='ocrx_word' id='word_1_363' title='bbox 1727 3383 1935 3439; x_wconf 65' lang='lat' dir='ltr'>adversi</span> 
     </span>
     <span class='ocr_line' id='line_1_43' title="bbox 249 3463 1935 3531; baseline 0.004 -16"><span class='ocrx_word' id='word_1_364' title='bbox 249 3473 382 3524; x_wconf 73' lang='lat' dir='ltr'>Qum</span> <span class='ocrx_word' id='word_1_365' title='bbox 412 3475 481 3515; x_wconf 83' lang='lat' dir='ltr'>TU</span> <span class='ocrx_word' id='word_1_366' title='bbox 507 3474 540 3515; x_wconf 78' lang='grc' dir='ltr'><strong>Α</strong></span> <span class='ocrx_word' id='word_1_367' title='bbox 573 3475 648 3516; x_wconf 83' lang='grc' dir='ltr'>ΜΕ</span> <span class='ocrx_word' id='word_1_368' title='bbox 688 3476 913 3517; x_wconf 80' lang='lat' dir='ltr'><strong>FUNDUM</strong></span> <span class='ocrx_word' id='word_1_369' title='bbox 955 3476 1216 3531; x_wconf 76' lang='lat' dir='ltr'>PETIS,1N</span> <span class='ocrx_word' id='word_1_370' title='bbox 1255 3478 1371 3519; x_wconf 79' lang='lat' dir='ltr'>EAM</span> <span class='ocrx_word' id='word_1_371' title='bbox 1406 3463 1524 3525; x_wconf 72' lang='lat' dir='ltr'>REM</span> <span class='ocrx_word' id='word_1_372' title='bbox 1558 3477 1663 3520; x_wconf 80' lang='lat' dir='ltr'>&#39;r1131</span> <span class='ocrx_word' id='word_1_373' title='bbox 1701 3478 1750 3519; x_wconf 85' lang='lat' dir='ltr'>P.</span> <span class='ocrx_word' id='word_1_374' title='bbox 1794 3470 1935 3521; x_wconf 75' lang='lat' dir='ltr'><strong>MEV‘s</strong></span> 
     </span>
     <span class='ocr_line' id='line_1_44' title="bbox 249 3523 1935 3609; baseline -0.001 -10"><span class='ocrx_word' id='word_1_375' title='bbox 249 3555 439 3599; x_wconf 71' lang='lat' dir='ltr'>ronna</span> <span class='ocrx_word' id='word_1_376' title='bbox 470 3553 562 3596; x_wconf 87' lang='lat' dir='ltr'>nc.</span> <span class='ocrx_word' id='word_1_377' title='bbox 580 3541 779 3609; x_wconf 86' lang='lat' dir='ltr'>Potest,</span> <span class='ocrx_word' id='word_1_378' title='bbox 794 3551 858 3598; x_wconf 85' lang='lat' dir='ltr'>ut</span> <span class='ocrx_word' id='word_1_379' title='bbox 885 3550 1040 3599; x_wconf 86' lang='lat' dir='ltr'>actor</span> <span class='ocrx_word' id='word_1_380' title='bbox 1065 3543 1141 3599; x_wconf 87' lang='lat' dir='ltr'>ita</span> <span class='ocrx_word' id='word_1_381' title='bbox 1170 3543 1345 3601; x_wconf 88' lang='lat' dir='ltr'>dicat:</span> <span class='ocrx_word' id='word_1_382' title='bbox 1365 3557 1512 3608; x_wconf 80' lang='lat' dir='ltr'>ouon</span> <span class='ocrx_word' id='word_1_383' title='bbox 1536 3557 1639 3601; x_wconf 69' lang='lat' dir='ltr'>cco</span> <span class='ocrx_word' id='word_1_384' title='bbox 1663 3559 1841 3602; x_wconf 71' lang='lat' dir='ltr'>&#39;mcum</span> <span class='ocrx_word' id='word_1_385' title='bbox 1866 3523 1935 3601; x_wconf 57' lang='lat' dir='ltr'>iic</span> 
     </span>
    </p>
   </div>
   <div class='ocr_carea' id='block_1_6' title="bbox 2156 202 2245 243">
    <p class='ocr_par' dir='ltr' id='par_1_7' title="bbox 2156 202 2245 243">
     <span class='ocr_line' id='line_1_45' title="bbox 2156 202 2245 243; baseline 0 0"><span class='ocrx_word' id='word_1_386' title='bbox 2156 202 2245 243; x_wconf 70' lang='lat'>419</span> 
     </span>
    </p>
   </div>
  </div>
 </body>
</html>
