2548 4051
1510 283 1698 335 UMUS.

1511 402 1661 476 ipiat.
1684 405 1759 459 8.
1776 399 1987 459 Edicta
1999 405 2132 458 sunt
2147 415 2298 473 proe-

1510 483 1598 539 Ius
1625 490 1802 538 autem
1818 482 2065 538 edicendi
2087 481 2297 538 habent

1510 564 1730 619 ssimum
1760 565 1854 636 jus
1893 572 1977 619 est
2007 563 2063 617 in
2100 561 2294 618 edictis

1510 644 1567 715 ii,
1618 661 1848 717 quorum
1894 645 1952 698 in
1994 643 2292 716 provinsiis

1510 744 1520 795 ;
1560 724 1692 781 item
1724 725 1781 780 in
1810 723 2000 780 edictis
2034 720 2295 782 AEdilium

1510 806 1804 880 provinciis
1853 805 2041 879 populi
2080 803 2290 859 romani

1512 887 1738 943 Caesaris
1780 885 1999 942 omuino
2043 886 2292 950 Quaesto-

1510 985 1579 1023 im
1602 967 1660 1022 in
1706 968 1791 1024 his
1838 966 2136 1041 provinciis
2178 982 2293 1020 non

1510 1058 1604 1105 unt
1625 1049 1908 1104 sententiae
1930 1055 1984 1103 et
2003 1047 2292 1121 opiniones

1510 1130 1662 1198 lere3
1697 1147 1935 1202 quorum
1969 1128 2213 1184 omnium
2242 1127 2291 1182 si

1510 1210 1520 1264 Ι
1551 1210 1626 1265 ita
1666 1210 1905 1265 sentiunt
1942 1209 2082 1281 legis
2113 1208 2292 1263 vicem

1510 1297 1561 1359 tt,
1606 1307 1769 1363 quam
1802 1291 1936 1345 velit
1969 1288 2298 1346 sententiam

1510 1371 1824 1443 ,gnificatun

1510 1469 1593 1506 em
1616 1453 1703 1525 jus
1732 1469 1838 1525 quo
1858 1451 2086 1519 utimur,
2111 1448 2198 1505 vel
2220 1449 2290 1505 ad

1510 1532 1725 1588 :tiones
1764 1532 1870 1589 Sed
1910 1532 2062 1609 prius
2101 1531 2290 1587 videa-

1518 1692 1586 1751 Et
1617 1695 1840 1766 quidem
1889 1710 2099 1750 summa
2153 1693 2290 1749 divi-

1517 1792 1707 1831 omnes
1729 1775 1978 1831 homines
2007 1780 2100 1829 aut
2125 1772 2290 1829 liberi

1510 1856 1764 1912 nominum
1787 1856 1879 1912 alii
1893 1854 2117 1928 ingenui
2138 1862 2287 1924 sunt,

1510 1937 1647 1994 iberi
1679 1938 1792 1993 nati
1823 1945 1987 2005 sunt3
2017 1935 2287 2006 libertini,

1519 2023 1643 2077 12.
1671 2019 1877 2075 Rursus
1905 2017 2292 2075 libertinorum

1510 2102 1610 2168 mi,
1637 2104 1741 2158 aut
1762 2099 1986 2168 Latini,
2011 2102 2116 2156 aut
2139 2099 2289 2155 dedi·

1510 2181 1610 2239 ulis
1638 2181 1991 2254 dispiciamus
2016 2197 2111 2250 ;ac
2134 2180 2290 2253 prius

1510 2356 1617 2397 rlA.
1641 2348 1683 2397 1
1696 2346 1766 2399 8.
1792 2342 1937 2415 Lege
1949 2341 2134 2415 itaque
2147 2340 2290 2398 AElia

1510 2440 1686 2497 poenae
1702 2425 1922 2480 nomine
1967 2422 2134 2478 vincti
2151 2422 2285 2491 sint,

1519 2504 1722 2576 quibus
1753 2505 1821 2559 ob
1842 2520 2040 2560 noxam
2057 2503 2286 2575 quaestio

1513 2602 1572 2640 se
1598 2584 1834 2641 convicti
1864 2584 1994 2647 sint,
2030 2583 2190 2656 quive
2226 2590 2286 2637 ut

1510 2666 1571 2721 iti
1596 2665 1726 2733 sint,
1751 2665 1872 2720 inve
1902 2664 2089 2719 ludum
2109 2671 2286 2721 custo·

1537 2746 1608 2802 ab
1630 2747 1818 2803 eodem
1849 2746 2064 2801 domino
2096 2743 2181 2800 vel
2217 2742 2283 2799 ab

1510 2826 1617 2882 aeri
1647 2827 1798 2895 fiant,
1831 2826 1988 2899 cujus
2017 2823 2285 2881 conditio·
2316 2834 2326 2840 '

1510 2987 1758 3044 (ocantur
1786 2994 1970 3043 autem
1992 2984 2286 3056 pereqrz'ni

1510 3067 1633 3124 ilum
1664 3083 1947 3125 romanum
1970 3064 2137 3121 armis
2160 3081 2283 3119 sus-

1510 3149 1758 3205 „iderunn
1811 3154 1850 3204 1
1866 3152 1936 3205 5.
1961 3146 2134 3217 Hujus
2153 3160 2283 3216 ergo

1511 3237 1531 3285 t
1554 3230 1947 3301 cujuscumque
1977 3224 2155 3281 aetatis
2174 3240 2282 3279 ma-

1518 3308 1742 3375 fuerint,
1775 3323 2056 3379 nunquam
2089 3311 2184 3360 aut
2205 3304 2281 3359 ci-

1510 3406 1552 3457 S,
1580 3387 1676 3443 sed
1731 3386 1877 3442 omni
1925 3385 2086 3442 modo
2128 3383 2284 3440 dedi-

1513 3486 1558 3524 s.
1635 3472 1760 3524 18.
1805 3468 1861 3524 Si
1889 3484 2022 3522 vero
2047 3466 2106 3521 in
2135 3464 2282 3521 nulla

1510 3566 1569 3617 n,
1586 3548 1747 3604 modo
1763 3547 1937 3603 civem
1960 3548 2278 3620 Romanum,

1510 3628 1589 3686 [in
1609 3630 1765 3702 cujus
1783 3644 2020 3703 persona
2039 3627 2147 3684 tria
2167 3626 2281 3684 haec
