2548 4051
1021 249 1497 307 COMMENTARIUS
1530 248 1826 310 QUARTUS.

777 383 794 422 ι
823 365 988 422 debet
1019 365 1068 422 is
1089 367 1182 439 qui
1210 365 1329 422 vult
1358 365 1629 421 arbitrum
1669 371 1884 437 petere,
1920 370 1980 419 ut
2010 365 2191 420 statim
2225 374 2411 439 petat,

777 465 824 502 tx
841 447 967 520 jure
999 454 1174 515 exeat,
1207 446 1262 502 id
1298 454 1383 501 est
1424 454 1720 518 antequam
1753 462 1785 500 a
1831 451 2067 518 praetore
2114 446 2408 503 discedat:

777 526 1085 602 petentibus
1114 543 1218 582 non
1248 526 1579 599 indulgetur.
1620 529 1804 581 105.
1840 525 2035 597 ltaque
2068 524 2115 580 si
2136 526 2416 582 arbitrum

777 617 813 677 t,
866 609 964 665 sed
1007 607 1208 664 tacitus
1257 606 1323 661 de
1372 607 1500 679 jure
1533 605 1745 673 exierit,
1780 622 1902 659 cum
1943 606 2186 678 periculo
2212 624 2306 663 res
2337 609 2415 663 ad

777 690 1023 747 ducitur:
1058 705 1182 744 nam
1227 695 1381 743 actor
1410 694 1668 762 provocat
1697 685 2077 741 adversarium
2118 688 2416 760 sponsione

777 764 807 826 a
835 771 1070 826 edictum
1090 767 1341 841 praetoris
1362 784 1470 823 non
1488 766 1802 823 exhibuerit
1821 776 1914 822 aut
1942 785 2051 822 non
2068 767 2413 836 restituerit;

777 851 1033 907 adversus
1065 847 1424 921 sponsionem
1454 846 2174 920 adve1·sarii.restipulatur;
2209 849 2417 906 deinde

777 948 861 985 em
905 928 1213 1002 sponsionis
1261 925 1714 983 formulam-edit
1756 927 2103 994 adversari03
2149 928 2239 1000 ille
2267 928 2416 995 ‚huie

777 1009 1162 1083 stipulationis:
1199 1008 1299 1064 sed
1336 1015 1490 1064 actor
1531 1007 1841 1081 sponsionis
1870 1006 2134 1064 formuloe
2173 1011 2417 1082 subjicit

777 1089 983 1144 ‚dicium
1023 1089 1088 1144 de
1119 1106 1179 1144 re
1214 1088 1555 1144 restituenda
1590 1086 1675 1144 vel
1708 1086 2038 1157 exhibenda,
2069 1096 2131 1144 ut
2159 1088 2204 1144 si
2234 1107 2410 1164 spon-

777 1170 831 1238 it,
866 1169 969 1225 nisi
1001 1168 1052 1224 ei
1086 1187 1177 1225 res
1211 1169 1538 1224 exhibeatur
1566 1176 1661 1224 aut
1703 1167 2043 1241 restituatur.
2116 1195 2122 1201 ·

781 1291 919 1350 tegra
948 1286 1147 1349 pagina,
1165 1286 1250 1333 ubi
1272 1286 1485 1349 primum
1512 1286 1617 1334 haec
1647 1285 1752 1333 sere
1776 1291 1947 1334 secuta
1991 1300 2101 1335 esse
2128 1288 2409 1349 suspicatur

784 1375 795 1407 t
838 1377 859 1404 α
890 1358 1169 1414 Tantidem,
1205 1357 1380 1419 quanti
1424 1357 1627 1419 sponsio
1668 1356 1797 1405 facta
1832 1358 1915 1414 sit,
1946 1359 2255 1408 adversarius
2280 1375 2412 1410 con·
2506 1398 2517 1410 .

777 1445 835 1478 ir:
870 1431 998 1492 quod
1017 1427 1258 1492 judicium
1290 1429 1567 1490 appellatur
1632 1429 1955 1486 secutoriu'm,
2010 1430 2127 1490 quia
2183 1432 2412 1492 sequitur

777 1502 832 1550 iis
859 1502 1111 1550 victoriam
1143 1499 1224 1563 (cf.
1257 1499 1283 1565 ζ
1317 1500 1407 1549 168
1430 1500 1559 1565 fin.).
1596 1501 1802 1562 Sponsio
1854 1515 1969 1549 vero
2013 1505 2064 1549 et
2094 1503 2413 1564 restipulatio

780 1609 793 1631 ‚
842 1573 1012 1635 quanti
1043 1576 1177 1620 actor
1205 1585 1315 1619 eam
1342 1585 1439 1618 non
1484 1572 1752 1620 calumniae
1803 1587 1953 1621 causa
1994 1571 2103 1620 sieri
2140 1573 2408 1636 juraverit.

779 1646 922 1702 udex‚
953 1645 1081 1704 apud
1107 1655 1253 1702 quem
1283 1643 1346 1689 de
1371 1655 1429 1689 ea
1453 1657 1507 1690 re
1538 1643 1722 1704 agitur,
1753 1644 1976 1705 requirit,
2009 1659 2071 1692 an
2100 1659 2209 1693 reus
2234 1651 2413 1694 contra

801 1714 1027 1763 Praetoris
1059 1728 1155 1761 non
1184 1714 1455 1762 restituerit
1486 1717 1570 1763 aut
1598 1729 1699 1763 non
1727 1715 2041 1775 exhibuerit;
2078 1715 2193 1764 etsi
2222 1731 2415 1766 secun-

777 1792 925 1834 :orem
944 1785 1218 1848 judicatum
1247 1785 1361 1843 erit,
1392 1786 1736 1835 adversarium
1766 1799 2005 1835 summam
2025 1788 2330 1849 sponsioniS,
2363 1794 2415 1837 et

777 1857 1017 1907 estituerit
1045 1857 1126 1904 vel
1154 1871 1253 1904 non
1284 1857 1587 1915 exhibuerit,
1616 1859 1765 1905 etiam
1782 1859 2024 1907 secutorio
2060 1858 2248 1920 judicio
2282 1875 2412 1908 con-

804 1933 1015 1977 actorem
1041 1940 1152 1976 vero
1199 1927 1595 1989 restipulationis
1638 1929 1874 1989 absolvit3
1918 1930 2093 1990 quodsi
2131 1932 2411 1980 secundum

779 2000 1037 2056 dicaverit,
1063 1999 1194 2048 hunc
1220 2000 1502 2061 sponsionis
1531 2003 1580 2049 et
1600 2000 1837 2050 secutorii
1857 2000 2033 2064 judicii
2065 2001 2295 2061 absolvit,
2324 2017 2413 2052 ac-

777 2087 881 2122 rero
926 2070 1316 2131 restipulationis
1363 2073 1669 2121 condemnat.
1719 2099 1783 2107 —
1823 2072 1873 2121 si
1907 2073 2288 2135 prohibitorium
2341 2075 2412 2123 in·

777 2158 811 2191 n
835 2144 1086 2192 redditum
1116 2143 1285 2202 fuerit,
1310 2145 1446 2193 velut
1478 2158 1538 2193 ne
1563 2143 1682 2205 quid
1709 2144 1755 2192 iu
1782 2144 1888 2193 loco
1919 2158 2058 2193 sacro
2084 2144 2190 2203 fiat,
2213 2159 2410 2208 semper

777 2230 849 2263 ena
886 2229 968 2263 res
1012 2215 1281 2276 peragitur.
1316 2217 1441 2263 Nam
1476 2215 1517 2263 si
1554 2229 1673 2263 reus
1714 2220 1885 2264 contra
1927 2216 2145 2265 edictum
2176 2218 2410 2266 Praetoris

777 2287 970 2347 fleatur,
999 2288 1136 2333 actor
1164 2299 1279 2333 eum
1310 2288 1579 2347 sponsione
1612 2290 1863 2348 provocat,
1893 2286 1945 2335 ni
1990 2290 2162 2336 contra
2190 2288 2410 2337 edictum
2473 2337 2478 2344 ,

777 2357 996 2414 :fecerim
1034 2370 1155 2404 reus
1180 2358 1515 2418 restipulatur,
1554 2358 1800 2420 editisque
1831 2360 1893 2407 ab
1917 2363 2086 2407 actore
2108 2359 2407 2421 sponsioniS,

777 2427 1096 2490 stipulationis
1117 2428 1359 2485 formulis,
1390 2433 1526 2477 actor
1555 2433 1795 2490 praeterea
1835 2429 2079 2493 judicium
2106 2430 2410 2479 secutorium

777 2513 823 2548 ιο
857 2501 898 2549 si
930 2499 1197 2562 sponsione
1225 2500 1414 2557 vicerit,
1440 2515 1554 2550 reus
1582 2501 1843 2561 tantidem,
1886 2501 2055 2563 quanti
2083 2502 2280 2565 sponsio
2322 2502 2410 2559 sit,

777 2576 928 2621 natur.
995 2571 1445 2622 Condemnationes
1507 2587 1624 2622 vero
1682 2577 1732 2621 et
1792 2573 2121 2622 absolutiones
2179 2572 2413 2622 similiter

777 2649 784 2692 ’;
823 2644 875 2692 in
906 2643 1223 2692 restitutoriis
1245 2643 1525 2708 interdictis
1552 2644 1791 2692 diximus.
1827 2661 1847 2688 n
1877 2652 1944 2679 ·—
1971 2644 2097 2693 Hinc
2127 2643 2280 2693 Gaius
2315 2646 2413 2693 sub

777 2715 868 2763 inae
895 2715 1156 2763 transitum
1193 2714 1373 2763 fecisse
1415 2715 1608 2763 videtur
1637 2717 1699 2763 ad
1739 2714 2009 2765 interdicta
2066 2714 2306 2777 duplicia,
2366 2719 2420 2764 et

777 2800 816 2844 a,
853 2791 908 2832 ut
936 2785 1148 2846 primuni
1177 2786 1430 2834 diversum
1461 2799 1631 2833 eorum
1659 2800 1803 2834 usum
1828 2786 2129 2846 ostenderet,
2162 2787 2297 2847 quod
2326 2791 2418 2835 aut

777 2856 798 2904 ,i
841 2857 917 2904 vel
948 2856 1088 2918 quasi
1130 2856 1439 2917 possessioni
1474 2854 1517 2920 (ἕ
1557 2856 1668 2919 139)
1694 2858 1929 2907 adversus
1959 2858 2060 2907 vim
2080 2858 2419 2907 defendendae

777 2926 1020 2985 serviunt,
1047 2930 1132 2975 aut
1157 2928 1218 2975 de
1239 2927 1540 2989 proprietate
1567 2930 1982 2978 contendentibus
2007 2930 2189 2977 dantur
2210 2927 2255 2993 (ξ
2276 2927 2414 2992 148).

777 3013 837 3049 im
880 2998 1232 3061 disputationis
1278 3002 1470 3061 partem
1517 2999 1812 3062 pertinuisse
1850 3001 2089 3050 videntur
2133 3000 2419 3048 litterarum

777 3072 962 3119 naedam
992 3069 1041 3118 in
1071 3070 1245 3119 codice
1285 3085 1395 3133 quae
1422 3075 1708 3133 supersunt.
1733 3073 1801 3119 Ex
1831 3071 2102 3132 posteriore
2129 3085 2229 3119 non
2259 3072 2417 3119 dubi-

777 3141 893 3191 locti
919 3143 1181 3204 desumpta
1200 3156 1311 3191 esse
1344 3156 1456 3204 quae
1471 3146 1773 3203 sequuntur,
1801 3156 1831 3190 a
1859 3140 2142 3191 Justiniano
2171 3143 2418 3190 translata

805 3214 891 3261 lib.
925 3214 1000 3272 lv,
1033 3213 1110 3272 15,
1137 3210 1161 3278 ἓ
1195 3212 1242 3273 4,
1268 3215 1397 3262 unde
1426 3217 1595 3275 utpote
1624 3214 1838 3271 Gaiana,
1871 3213 2000 3262 eruit
2029 3227 2087 3261 ea
2114 3213 2419 3271 Huscbkius,

788 3286 1096 3347 Bocking,et·
1118 3285 1342 3333 confecit
1368 3282 1392 3350 ἕ
1423 3288 1719 3345 sequentem
1751 3282 1879 3333 165·.
2183 3324 2218 3342 ,

795 3409 1054 3480 Namque
1074 3411 1347 3466 nisia‘nte
1364 3409 1734 3479 exploratum
1749 3409 1952 3479 fuerit,
1981 3409 2181 3465 utrius
2213 3427 2421 3468 eorum

777 3488 855 3553 it,
878 3502 1008 3559 ,non
1033 3492 1223 3557 potest
1241 3487 1530 3560 ‘petitoria
1569 3489 1726 3544 actio
1759 3488 2021 3556 institui,
2058 3490 2221 3561 quia,
2254 3495 2310 3546 et
2338 3494 2421 3546 ci-

777 3564 1004 3619 nturalis
1043 3568 1201 3621 ratio
1242 3569 1414 3639 facit,
1452 3570 1518 3623 ut
1561 3568 1718 3625 alius
1760 3569 2057 3640 possideat
2090 3572 2144 3626 et
2183 3570 2340 3626 alius
2381 3588 2422 3627 a
