2548 4051
740 271 1223 322 COMMENTARIUS
1259 270 1591 321 SECUNDUS.
1794 265 1798 272 ”
2091 277 2149 324 49

168 387 402 443 heredes
435 389 625 456 habet,
666 389 926 458 quamvis
957 404 1124 458 nepos
1179 403 1399 458 quoque
1430 392 1484 439 et
1514 384 1695 457 neptis
1744 403 1815 442 em
1844 403 1907 443 eo
1941 389 2004 444 in
2047 405 2146 444 ea-

166 469 301 523 dem
339 472 627 539 potestate
677 471 833 534 sint,·
891 470 989 523 sed
1026 470 1088 522 si·
1116 468 1276 539 filius
1329 482 1490 521 meus
1541 482 1628 521 me
1663 468 1792 522 vivo
1833 473 2144 537 moriatur,

163 552 279 604 aut
297 549 553 618 qualibet
579 550 812 604 ratione
840 551 1008 604 emeat
1039 549 1104 602 de
1121 549 1401 618 potestate
1425 561 1572 613 mea,
1610 548 1822 617 incipit
1847 564 2014 618 nepos
2048 566 2147 604 ne-

152 629 351 698 ptisve
377 629 442 683 in
473 629 592 698 ejus
622 630 809 685 locum
838 629 1159 695 succedere,
1190 631 1244 682 et
1286 642 1350 681 eo
1392 626 1553 681 modo
1576 625 1704 697 jura
1735 644 1963 682 suorum
1991 629 2148 685 here-

162 709 308 762 dum
332 708 499 778 quasi
529 708 874 779 adonatione
907 707 1315 779 nanciscuntur.
1401 710 1582 761 134.
1618 706 1694 760 Ν6
1726 724 1857 779 ergo
1886 724 1950 762 eo
1987 709 2146 765 modo

162 793 460 859 rumpatur
489 786 621 841 mihi
667 791 1084 852 testamentum,
1117 788 1267 842 sicut
1298 787 1487 857 ipsum
1519 786 1710 858 filium
1747 789 1836 842 vet
1887 787 2148 844 heredem

165 867 469 923 instituere
491 867 569 921 vel
594 866 929 922 exheredare
945 868 1306 923 nominatim
1332 865 1530 932 debeo,
1549 882 1618 919 ne
1644 881 1754 921 non
1769 868 1910 936 jure
1925 869 2149 936 faciam

165 950 604 1013 testamentum,
631 949 719 1003 ita
746 951 800 1003 et
823 954 1081 1019 nepotem
1112 954 1403 1019 neptemve
1435 963 1499 1001 ex
1546 962 1610 1001 eo
1640 963 1864 1002 necesse
1895 956 1978 1002 est
2016 948 2148 1003 mihi

63 1076 80 1087 .
146 1028 259 1082 vel
286 1028 546 1082 heredem
581 1028 889 1082 instituere
920 1029 1006 1082 vel
1039 1027 1408 1094 eoelteredare,
1443 1041 1513 1080 ne
1541 1027 1715 1096 forte,
1748 1043 1835 1083 me
1864 1028 1991 1082 vivo
2022 1028 2147 1100 filio

159 1111 429 1172 mortim,
464 1108 817 1161 succedendo
864 1108 928 1160 iit
962 1108 1153 1160 locum
1199 1107 1320 1175 ejus
1359 1121 1530 1174 nepos
1562 1108 1816 1175 neptisve
1849 1108 2006 1179 quasi
2051 1108 2146 1163 ad-

159 1185 429 1258 gnatione
483 1193 705 1258 rumpat
750 1192 1143 1240 testamentum
1175 1202 1187 1238 :
1229 1185 1394 1255 idque
1432 1186 1553 1256 lege
1592 1185 1752 1239 Junia
1783 1186 1985 1242 Vellaea
2025 1205 2147 1260 pro-

161 1265 345 1319 visum
375 1272 477 1331 est,
500 1263 556 1318 in
588 1281 694 1336 qua
724 1264 887 1318 simul
920 1263 1358 1319 exheredationis
1377 1263 1572 1318 modus
1606 1272 1848 1331 notatur,
1880 1275 1941 1320 ut
1983 1266 2148 1323 virilis

162 1362 332 1400 sexus
360 1345 624 1414 postumi
666 1343 1007 1412 nominatim,
1054 1343 1302 1399 feminini
1341 1342 1426 1398 vel
1467 1343 1613 1397 inter
1654 1353 1868 1399 ceteros
1899 1345 2147 1402 'exhere-

164 1425 398 1492 dentur‚
433 1423 560 1478 dum
602 1432 780 1480 tamen
811 1423 901 1488 iis,
934 1424 1025 1496 qui
1055 1423 1196 1478 inter
1225 1431 1436 1479 ceteros
1468 1423 1901 1493 exheredantur‚
1943 1425 2149 1498 aliquid

160 1503 409 1575 legetur.

251 1586 433 1638 135.
464 1581 843 1655 Emancipatos
894 1582 1097 1639 liberos
1149 1583 1277 1654 jure
1320 1583 1466 1639 civili
1508 1601 1687 1658 neque-
1736 1584 1969 1647 heredes
1996 1584 2147 1640 insti·

159 1670 327 1718 tuere
356 1679 533 1735 neque
561 1663 891 1718 exheredare
920 1680 1144 1718 necesse
1167 1671 1268 1729 est,
1301 1663 1429 1735 quia
1457 1681 1562 1720 non
1593 1671 1719 1720 sunt
1749 1665 1834 1719 sui
1863 1663 2096 1720 heredes
2131 1683 2142 1718 :

157 1742 265 1796 sed
287 1743 494 1798 Praetor
519 1749 847 1810 omneS‚tam
865 1743 1114 1797 feminini
1136 1758 1300 1816 quam
1325 1744 1608 1798 masculini
1638 1762 1822 1812 sexuS,
1848 1745 1893 1799 si
1915 1745 2148 1800 heredes

64 1848 68 1853 ¹
154 1839 274 1877 non
330 1823 700 1889 instituantur,
750 1821 1073 1878 exheredari
1094 1822 1270 1893 jubet,
1324 1823 1499 1877 virilis
1560 1841 1722 1879 sexus
1804 1825 2145 1891 nominatim,

154 1901 409 1956 feminini
439 1904 524 1958 vel
549 1902 867 1957 nominatim
898 1901 979 1957 vel
1013 1903 1155 1956 inter
1183 1909 1396 1957 ceteros
1431 1921 1444 1957 :
1478 1902 1672 1974 quodsi
1701 1920 1878 1976 neque
1917 1904 2150 1959 heredes

154 1975 395 2038 instituti
434 1982 657 2050 fuerint,
684 1999 860 2056 neque
897 1982 991 2049 ita,
1013 1989 1073 2038 ut
1097 1999 1267 2055 supra
1294 1981 1545 2051 diximuS,
1577 1982 1910 2051 exheredati,
1946 1983 2153 2039 Praetor

154 2062 436 2136 promittit
465 2064 544 2118 eis
576 2072 764 2119 contra
795 2062 1008 2118 tabulas
1054 2063 1322 2118 bonorum
1362 2062 1799 2135 possessionem.
1865 2067 2064 2119 185².
2091 2064 2149 2118 In

152 2150 436 2215 potestate
475 2145 649 2215 patris
693 2161 799 2199 nou
844 2151 992 2210 sunt,
1037 2142 1130 2214 qui
1178 2160 1301 2198 cum
1332 2160 1395 2199 eo
1427 2144 1644 2199 civitate
1680 2144 1918 2199 Romana
1966 2143 2150 2199 donati

154 2230 310 2290 sunt,
351 2239 451 2277 nec
478 2223 533 2276 in
562 2222 875 2294 accipienda
906 2224 1127 2278 civitate
1155 2223 1400 2279 Romana
1428 2232 1589 2296 pater
1610 2226 1811 2294 petiit,
1845 2228 1911 2279 ut
1941 2240 2034 2279 eos
2093 2223 2148 2278 in

73 2351 82 2360 .
155 2308 430 2375 potestate
488 2302 730 2370 haberet,
781 2310 891 2370 aut,
928 2302 973 2357 si
1008 2302 1186 2375 petiit,
1222 2320 1336 2358 non
1377 2304 1714 2376 impetravit3
1753 2320 1875 2358 nam
1925 2305 2028 2375 qui
2085 2304 2148 2358 in

155 2386 495 2456 potestatem
551 2382 727 2453 patris
777 2383 845 2438 ab
891 2383 1610 2455 imperatorerediguntur,
1642 2383 1776 2437 nihil
1829 2384 2080 2439 differunt
2120 2401 2150 2437 a

155 2463 239 2517 sic
277 2461 437 2516 natis.
527 2465 707 2517 136.
749 2462 997 2535 Adoptivi
1042 2461 1145 2516 filii
1193 2463 1453 2535 quamdiu
1501 2471 1725 2518 manent
1755 2463 1809 2517 in
1839 2464 2147 2536 adoptione,

154 2541 495 2602 naturalium
541 2540 658 2596 loco
708 2550 863 2609 sunt3
893 2542 1213 2614 emancipati
1232 2560 1362 2597 vero
1403 2559 1440 2598 a
1489 2550 1644 2614 patre
1673 2542 1928 2614 adoptivo
1972 2559 2148 2615 neque

146 2624 282 2694 jure
329 2621 493 2689 civili,
519 2639 697 2695 neque
727 2622 872 2695 quod
911 2621 977 2677 ad
1014 2622 1250 2679 edictum
1311 2621 1862 2693 Praetoris‘pertinet‚
1901 2622 2042 2677 inter
2087 2623 2148 2677 li-

157 2704 327 2757 beros
357 2710 727 2759 numerantur.
811 2706 993 2757 132.
1038 2704 1157 2766 Qua
1192 2703 1406 2757 ratione
1436 2701 1648 2768 accidit,
1695 2711 1756 2757 ut
1801 2719 1866 2756 ex
1909 2702 2146 2771 diverso,

160 2782 312 2854 quod
367 2781 433 2836 ad
484 2781 781 2837 naturalem
835 2790 1113 2854 parentem
1136 2783 1395 2856 pertinet,
1428 2782 1692 2856 quamdiu
1744 2781 1965 2857 quidem
2039 2784 2145 2838 sint

71 2868 89 2914 ἶ
160 2863 221 2916 in
277 2861 532 2934 adoptiva
590 2861 814 2930 familia,
848 2870 1231 2918 extraneorum
1262 2880 1490 2919 numero
1522 2863 1859 2929 habeantur3
1914 2862 1959 2917 si
2016 2880 2145 2918 vero

161 2941 491 3014 emancipati
517 2941 717 2998 fuerint
747 2942 816 2997 ab
842 2942 1092 3015 adoptivo
1122 2952 1300 3017 patre,
1329 2952 1461 2999 tunc
1497 2943 1763 3016 incipiant
1793 2942 1849 2997 in
1881 2959 1946 2997 ea
1983 2960 2145 2998 causa
2221 3003 2228 3008 ,

161 3038 307 3087 esse,
368 3038 475 3092 qua
503 3021 671 3075 futuri
699 3030 904 3090 essent,
932 3023 975 3077 si
1013 3023 1083 3077 ab
1137 3023 1254 3096 ipso
1293 3023 1530 3079 naturali
1559 3031 1719 3096 patre
1790 3024 2146 3092 emancipati

162 3102 423 3156 fuissent.

240 3186 427 3238 138.
450 3180 503 3235 Si
542 3180 663 3253 quis
685 3189 812 3253 -post
844 3182 1043 3237 sactum
1070 3193 1457 3239 testamentum
1482 3182 1825 3256 adoptaverit
1845 3182 1950 3237 sibi
1971 3181 2146 3239 filium

163 3270 260 3317 aut
288 3279 387 3334 per
408 3260 673 3333 populum
705 3277 849 3328 eum,
879 3262 970 3333 qui
1006 3263 1087 3317 sui
1120 3263 1260 3333 juris
1301 3271 1404 3331 est,
1436 3273 1649 3337 autper
1672 3264 1967 3319 Praetorem
1999 3282 2144 3329 eum,

161 3342 258 3414 qui
288 3341 341 3395 in
376 3349 651 3414 potestate
699 3342 950 3413 parentis
978 3342 1169 3409 fuerit,
1204 3344 1348 3398 omni
1387 3344 1550 3399 modo
1588 3352 1982 3400 testamentum
2026 3346 2147 3414 ejus

162 3421 441 3493 rumpitur
472 3420 631 3494 quasi
659 3422 949 3494 agnatione
980 3422 1064 3477 sui
1097 3422 1336 3480 heredis.
1420 3428 1601 3480 139.
1631 3425 1782 3480 ldem
1806 3425 1950 3496 juris
1978 3433 2078 3491 est,
2098 3418 2145 3476 si

164 3503 255 3557 cui
286 3509 416 3575 post
447 3502 648 3557 factum
680 3508 1068 3559 testamentum
1098 3520 1235 3559 uxor
1260 3504 1316 3559 in
1343 3520 1565 3560 manum
1586 3504 1893 3571 conveniat,
1920 3502 2005 3558 vel
2028 3516 2149 3574 quae

165 3582 225 3637 in
251 3589 419 3637 manu
445 3581 567 3651 fuit,
585 3582 781 3638 nubat:
818 3600 943 3639 nam
970 3600 1034 3638 eo
1056 3584 1218 3640 modo
1239 3583 1377 3646 ,filiae
1397 3584 1517 3640 loco
1543 3602 1666 3641 esse
1694 3582 1888 3654 incipit
1919 3589 1975 3636 et
2009 3596 2147 3653 quas
