2548 4051
292 151 383 202 118
625 211 634 221 .
883 149 1353 200 COMMENTARIUS
1397 147 1686 208 QUARTUS.

291 267 556 336 dominive
601 284 816 324 versum
853 283 994 336 esse,
1025 267 1095 324 ad
1142 267 1282 323 hanc
1309 266 1575 324 actionem
1601 265 1844 322 ‘transire
1884 267 2065 323 dehet.
2109 266 2269 335 Nam,

290 360 350 406 ut
401 366 571 422 supra
611 348 868 416 diximuS‚
901 347 1094 404 eadem
1137 347 1378 404 formula
1410 354 1464 402 et
1510 347 1575 401 de
1618 345 1830 420 peculio
1864 353 1917 405 et
1960 348 2026 403 de
2062 347 2119 402 in
2149 365 2275 404 rem

291 446 445 486 verso
472 430 680 501 agitur.

365 514 490 566 ³5.
515 510 594 565 Ex
615 509 897 567 maleficiis
925 508 1164 566 filiorum
1190 509 1425 568 familias
1454 509 2052 582 servoi·umque,veluti
2075 510 2121 566 si
2146 509 2270 566 fur-

287 594 406 644 tum'
427 589 653 647 fecerint
681 599 776 648 aut
791 590 1050 662 injuriam
1081 589 1472 658 commiserint,
1494 589 1719 646 noxales
1760 590 2005 648 actiones
2033 591 2273 665 proditae

287 683 434 746 sunt,
463 675 540 732 uti
568 675 760 732 liceret
795 675 936 748 patri
965 675 1248 732 dominove
1294 681 1389 731 aut
1422 673 1531 729 litis
1568 674 1987 735 aestimationem
2031 676 2277 732 sufferre

287 763 382 811 aut
401 771 554 813 noxae
571 755 803 815 dedere:
825 765 943 812 erat
965 756 1110 812 enim
1125 756 1377 828 iniquum
1396 755 1705 829 nequitiam
1726 772 1921 811 eorum
1951 756 2099 815 ultra
2118 757 2278 830 ipso-

285 851 408 891 rum
436 853 664 911 corpora
691 836 1014 910 parentibus
1040 836 1350 892 dominisve
1376 834 1697 892 damnosam
1734 852 1874 892 esse.
1961 841 2087 893 ⁸28.
2106 835 2280 893 Cons-

287 916 466 973 titutae
492 925 618 976 sunt
661 924 843 974 autem
887 916 1116 972 noxales
1153 915 1401 974 actiones
1421 924 1516 972 aut
1538 915 1758 989 legibus
1792 917 2079 974 antedicto
2116 918 2275 974 Prae-

286 996 454 1053 toris:
483 997 721 1070 legibuS,
762 996 912 1052 velut
955 996 1085 1052 furti
1132 997 1258 1070 lege
1308 1011 1388 1053 ΧΠ
1438 996 1774 1066 tabularum,
1806 996 1998 1054 damni
2056 997 2282 1070 injuriae

290 1077 414 1148 lege
442 1075 684 1148 Aquilia3
728 1076 908 1133 edicto
942 1076 1225 1146 Praetoris,
1268 1076 1419 1134 velut
1466 1076 1791 1150 injuriarum
1821 1086 1877 1135 et
1907 1078 1960 1133 vi
2003 1078 2285 1134 bonorum

287 1163 597 1228 raptorum.
652 1160 693 1213 ’Β
711 1162 776 1214 ⁸2.
808 1156 1005 1214 Omnes
1024 1167 1216 1214 autem
1236 1155 1457 1222 noxales
1488 1158 1733 1215 actiones
1753 1166 1923 1232 caput
1938 1165 2280 1232 sequuntur:

290 1251 415 1290 nain
443 1235 490 1292 si
517 1234 662 1293 filius
691 1247 818 1294 tuus
835 1255 1102 1295 servusve
1123 1255 1323 1295 noxam
1337 1238 1692 1307 commiserit,
1709 1237 1975 1312 quamdiu
1991 1240 2056 1295 in
2070 1245 2161 1295 tua
2174 1256 2285 1312 po-

289 1321 486 1371 testate
513 1323 616 1385 est,
633 1325 813 1374 tecum
840 1327 925 1374 est
949 1319 1094 1374 actio
1114 1336 1129 1388 ;
1150 1318 1196 1374 si
1223 1319 1282 1374 in
1313 1317 1544 1375 alterius
1574 1325 1902 1392 potestatem
1934 1319 2285 1393 pervenerit,

291 1412 414 1452 cum
446 1395 540 1452 illo
570 1398 756 1472 incipit
787 1399 927 1456 actio
959 1415 1119 1468 esse;
1151 1399 1198 1456 si
1227 1399 1310 1456 sui
1333 1399 1481 1471 juris
1511 1399 1742 1472 coeperit
1773 1416 1920 1470 esse,
1945 1399 2153 1456 directa
2182 1416 2291 1456 ac-

290 1476 366 1535 tio
388 1493 513 1533 cum
539 1479 664 1551 ipso
697 1486 800 1548 est,
813 1488 868 1535 et
898 1497 1056 1536 noxae
1093 1479 1299 1536 deditio
1326 1479 1687 1550 extinguitur.
1707 1479 1785 1532 Ex
1812 1479 2026 1534 diverso
2054 1494 2293 1553 quoque

225 1611 247 1624 ἱ
293 1555 504 1613 directa
531 1559 672 1614 actio
701 1559 908 1616 noxalis
943 1577 1064 1615 esse
1096 1559 1324 1630 incipit:
1364 1575 1493 1612 nam
1536 1559 1581 1614 si
1621 1565 1781 1632 pater
1808 1557 2043 1614 familias
2073 1575 2290 1616 noxam

287 1637 644 1706 commiserit,
671 1646 726 1694 et
763 1641 813 1694 is
863 1657 924 1694 se
973 1639 1030 1693 in
1078 1637 1500 1710 adrogationem
1532 1638 1636 1694 tibi
1690 1637 1899 1694 dederit
1942 1646 2035 1694 aut
2076 1655 2279 1696 servus

289 1725 415 1772 tuus
457 1733 577 1773 esse
625 1716 875 1791 coeperit,
935 1719 1091 1790 quod
1130 1717 1471 1791 quibusdam
1532 1717 1749 1775 casibus
1794 1718 2045 1776 acci-dere
2092 1718 2277 1793 primo

288 1798 676 1862 commentario
716 1799 1066 1868 tradidimUS,
1115 1797 1305 1872 incipit
1347 1805 1531 1856 tecum
1559 1798 1769 1856 noxalis
1804 1798 1944 1856 actio
1984 1816 2123 1870 csse,
2144 1817 2273 1874 quae

291 1884 417 1934 ante
454 1877 668 1936 directa
701 1879 828 1936 fuit.
1800 1917 1803 1920 -

367 1962 494 2015 ¹28.
527 1959 634 2016 Sed
657 1959 704 2015 si
738 1959 882 2016 filius
909 1960 1056 2034 patri
1087 1967 1183 2023 aut
1215 1975 1403 2015 servus
1425 1959 1648 2015 domino
1678 1975 1874 2015 noxam
1905 1961 2265 2033 commiserit,

289 2038 436 2095 nulla
463 2040 607 2096 actio
637 2041 908 2097 nascitur:
937 2041 1092 2097 nulla
1118 2040 1264 2097 enim
1294 2040 1511 2097 omnino
1545 2040 1691 2096 inter
1721 2057 1808 2097 me
1840 2050 1895 2097 et
1924 2059 2049 2098 eum
2082 2036 2263 2116 quiin

290 2126 559 2193 potestate
590 2138 716 2176 mea
740 2129 842 2190 est,
861 2120 1104 2194 obligato
1133 2120 1283 2177 nasci
1316 2128 1525 2195 potest3
1546 2120 1777 2195 ideoque
1795 2130 1850 2177 et
1878 2122 1925 2177 si
1957 2122 2015 2177 in
2034 2122 2267 2179 alienam

288 2206 612 2274 potestatem
665 2203 996 2275 pervenerit,
1027 2210 1120 2257 aut
1168 2202 1252 2257 sui
1292 2202 1437 2273 juris
1466 2218 1589 2257 esse
1632 2202 1883 2275 coeperit,
1924 2220 2107 2277 neque
2136 2220 2265 2259 cum

290 2282 411 2353 ipso
441 2296 620 2353 neque
649 2298 772 2337 cum
789 2299 855 2338 eo
879 2283 1035 2354 cujus
1063 2298 1206 2337 nunc
1233 2281 1290 2336 in
1310 2288 1587 2354 potestate
1617 2289 1721 2351 est,
1743 2283 1835 2355 agi
1864 2291 2065 2356 potest.
2110 2283 2265 2339 Unde

291 2360 572 2433 quaeritur,
640 2362 687 2417 si
749 2362 960 2418 alienus
1013 2379 1204 2419 servus
1234 2362 1445 2418 filiusve
1500 2380 1695 2419 noxam
1726 2363 2059 2420 commiserit
2107 2364 2261 2433 mihi,

289 2449 344 2497 et
395 2441 441 2497 is
467 2448 658 2514 postea
703 2442 762 2497 in
801 2459 927 2499 mea
977 2460 1102 2499 esse
1137 2442 1366 2517 coeperit
1418 2451 1713 2517 potestate,
1749 2452 1937 2500 utrum
1976 2444 2263 2500 intercidat

288 2522 429 2578 actio
492 2539 563 2579 an
639 2522 889 2597 quiescat
939 2542 952 2579 ε
1005 2524 1177 2580 nostri
1240 2532 1613 2598 praeceptores
1661 2524 1990 2581 intercidere
2047 2531 2261 2598 putant,

289 2602 420 2676 qnia
451 2603 505 2658 in
553 2620 681 2659 eum
713 2614 900 2661 casum
948 2604 1187 2661 deducta
1233 2604 1325 2673 sit,
1388 2604 1445 2660 in
1496 2620 1603 2677 quo
1655 2604 1955 2661 consistere
2002 2620 2113 2661 non
2164 2620 2263 2679 po-

290 2683 478 2753 tuerit,
544 2682 803 2755 ideoque,
860 2683 987 2741 licet
1050 2684 1240 2741 exierit
1298 2684 1367 2739 de
1416 2700 1537 2739 mea
1592 2691 1890 2756 potestate,
1940 2702 2107 2759 agere
2174 2702 2262 2741 me

289 2781 397 2821 non
445 2779 633 2837 posse3
663 2762 893 2819 diversae
951 2763 1152 2820 scholae
1195 2770 1468 2831 auctoreS,
1515 2764 1775 2836 quamdiu
1819 2764 1876 2820 in
1923 2782 2048 2823 mea
2077 2773 2265 2840 potcs-

290 2855 402 2903 tate
426 2843 514 2911 sit,
555 2842 837 2917 quiescere
883 2844 1150 2899 actionem
1204 2850 1422 2917 putant,
1467 2845 1618 2917 quod
1661 2844 1781 2919 ipse
1837 2863 2053 2902 mecum
2098 2864 2263 2920 agere

291 2944 400 2983 non
426 2940 808 2999 possum,cum
838 2940 966 2979 vero
987 2922 1179 2979 exierit
1209 2922 1278 2979 de
1308 2940 1431 2981 mea
1455 2933 1748 2999 potestate,
1771 2934 1899 2982 tunc
1932 2943 2053 2982 eam
2082 2944 2266 2985 resus-

292 3005 466 3061 citari.
552 3010 676 3063 ἵε).
707 3004 841 3061 Cum
869 3011 1054 3061 autem
1081 3004 1223 3061 filius
1253 3004 1485 3071 familias
1504 3024 1567 3062 ex
1592 3006 1775 3063 noxali
1805 3024 1969 3063 causa
1990 3008 2262 3084 mancipio

293 3084 474 3155 datur,
518 3088 748 3144 diversae
780 3085 981 3143 scholae
1030 3094 1283 3143 auctores
1323 3094 1520 3159 putant
1557 3094 1646 3142 ter
1680 3104 1806 3143 eum
1844 3088 2115 3162 mancipio
2146 3089 2265 3146 dari

292 3163 513 3229 debere,
545 3168 678 3239 quia
717 3170 838 3241 lege
881 3181 956 3223 xu
980 3166 1297 3224 tabularum
1317 3174 1535 3223 cautum
1564 3167 1637 3224 sit
1684 3184 1757 3225 ne
1784 3170 1967 3225 aliter
1994 3170 2154 3243 filius
2199 3170 2266 3227 de

289 3246 576 3317 potestate
599 3252 795 3317 patris
823 3256 998 3317 exeat,
1031 3266 1194 3322 quam
1221 3248 1267 3305 si
1310 3256 1397 3304 ter
1424 3248 1592 3305 fuerit
1619 3249 1987 3322 mancipatus3
2035 3248 2266 3312 Sabinus

297 3334 351 3381 et
381 3323 600 3381 Cassius
632 3328 906 3400 ceterique
934 3336 1136 3387 nostrae
1157 3329 1359 3386 scholae
1378 3337 1629 3386 auctores
1660 3330 1907 3387 sufficere
1928 3347 2091 3386 unam
2112 3347 2268 3386 man-

297 3404 622 3474 cipationem
661 3406 1035 3481 crediderunt3
1064 3410 1276 3465 etenim
1302 3418 1414 3465 tres
1452 3410 1575 3483 lege
1604 3424 1685 3466 xu
1716 3409 2026 3467 tabularum
2062 3410 2138 3468 ad
2172 3428 2265 3468 vo-

297 3479 557 3537 luntarias
580 3481 1010 3551 mancipationes
1035 3489 1336 3556 pertinere.
