2548 4051
1113 190 1379 241 ‚NTARIUS
1421 190 1661 240 PRIMUS.

1113 308 1285 377 ›bai-e,
1314 314 1368 362 et
1398 305 1474 363 ita
1502 306 1647 361 filius
1673 320 1892 378 quoque
1934 305 2052 377 ejus
2083 313 2137 361 et
2167 322 2297 362 ma·

1113 405 1177 445 tm
1207 387 1558 460 perveniunt,
1594 396 1646 443 et
1694 403 1851 459 aeque
1886 386 2049 442 simul
2096 385 2296 460 incipit

1113 487 1187 526 se.
1205 468 1355 525 Idem
1373 468 1514 541 juris
1541 475 1621 523 est
1641 467 1685 523 si
1703 466 1999 541 peregrino
2027 474 2292 541 tanquam

1113 568 1132 606 i
1171 558 1341 623 nupta
1365 550 1467 618 sit;
1503 566 1626 604 nam
1670 556 1724 604 et
1752 547 1821 603 de
1851 548 1955 604 hoc
1980 548 2292 621 specialiter
2351 594 2357 599 .

1113 631 1226 686 iem
1249 632 1390 703 juris
1416 637 1498 686 est
1526 630 1889 703 aliquatenus,
1919 629 1966 683 si
1999 628 2049 685 ei
2066 628 2157 700 qui
2186 627 2293 683 de-

1113 728 1322 786 nquam
1352 711 1456 767 civi
1485 712 1725 766 Romano
1757 716 1850 765 aut
1885 707 2077 765 Latino
2107 725 2134 765 e
2159 707 2291 781 'lege

1113 792 1161 849 si
1203 791 1350 864 quod
1388 791 1596 847 scilicet
1644 790 1739 863 qui
1776 788 2152 845 dedititiorum
2186 805 2289 844 nu-

1114 889 1180 927 ne
1209 880 1494 944 permanet
1522 890 1535 938 ;
1589 879 1644 927 et
1674 871 1800 926 ideo
1839 870 2007 939 filius,
2040 870 2289 943 quamvis

1113 961 1332 1009 estatem
1358 951 1532 1026 patris
1563 969 1673 1007 non
1701 951 1991 1023 redigitur.

1113 1033 1453 1108 peregrim,
1501 1049 1627 1087 cum
1678 1049 1804 1086 eum
1859 1031 2110 1087 Latinum
2163 1048 2289 1089 esse

1113 1114 1303 1171 3entia
1354 1113 1637 1185 nupserit,
1687 1118 1870 1186 potest
1925 1129 1990 1167 ex
2034 1120 2287 1169 senatus-

1113 1211 1224 1249 sam
1273 1192 1474 1249 erroris
1531 1193 1765 1265 probare
1788 1234 1803 1259 ‚
1861 1196 1917 1248 et
1964 1194 2056 1250 ita
2103 1210 2290 1251 omnes

1113 1273 1231 1328 ilius
1270 1273 1327 1327 in
1368 1279 1637 1345 potestate
1680 1270 1851 1344 patris
1898 1288 2019 1328 esse
2073 1274 2286 1347 incipit.

1113 1362 1182 1409 ist
1230 1353 1279 1409 si
1321 1353 1547 1409 Latinus
1606 1370 1706 1426 per
1760 1370 2000 1409 errorem
2038 1354 2289 1427 peregri-

1113 1434 1281 1489 civem
1330 1433 1631 1489 Romanam
1673 1451 1702 1489 e
1746 1434 1865 1506 lege
1896 1434 2051 1489 AElia
2102 1434 2291 1491 Sentia

1113 1522 1335 1570 ffaeterea
1370 1514 1414 1569 si
1444 1514 1581 1569 civis
1632 1515 1908 1570 Romanus
1936 1513 2031 1586 qui
2069 1530 2130 1569 se
2158 1532 2293 1571 cre-

1113 1613 1120 1646 »
1171 1594 1225 1649 id
1268 1594 1517 1649 Latinam
1574 1610 1816 1651 uxorem
1855 1593 2112 1662 dumerit,
2159 1611 2294 1666 per-

1113 1674 1232 1730 *oris
1290 1691 1509 1730 causam
1545 1676 1797 1747 probare,
1851 1682 2112 1746 tanquam
2169 1675 2220 1730 si
2260 1692 2292 1731 e

1113 1773 1124 1810 ι
1179 1755 1437 1811 duxisset.
1496 1756 1634 1811 Item
1690 1755 1776 1810 his
1817 1754 1909 1827 qui
1956 1771 2079 1810 cum
2142 1755 2289 1811 cives

1115 1854 1140 1891 s
1193 1853 1252 1891 se
1307 1853 1430 1892 esse
1479 1834 1843 1891 credidissent
1873 1843 1925 1891 et
1962 1835 2286 1908 peregrinas

1113 1917 1291 1973 ittitur
1345 1934 1409 1971 ex
1470 1916 1939 1972 senatusconsulto
1989 1914 2099 1970 filio
2158 1924 2287 1973 nato

1121 2015 1226 2070 quo
1266 1997 1438 2066 facto,
1477 1996 1571 2052 flet
1614 2012 1751 2052 uxor
1786 1995 1914 2053 civis
1953 1998 2194 2054 Romana
2230 2004 2288 2054 et

1113 2095 1175 2136 us
1204 2080 1288 2152 fit,
1314 2085 1368 2135 et
1395 2094 1500 2134 non
1540 2076 1717 2133 solum
1748 2078 1825 2133 ad
1870 2079 2153 2135 civitatem
2183 2078 2286 2134 Ro-

1113 2161 1225 2215 ,iam
1270 2159 1326 2214 in
1384 2166 1711 2233 potestatem
1766 2159 1941 2230 patris
1993 2159 2280 2232 redigitur.

1113 2239 1211 2294 filio
1253 2257 1374 2296 esse
1418 2239 1672 2306 diximus,
1722 2239 1916 2295 eadem
1963 2247 2017 2295 et
2063 2239 2131 2295 de
2174 2239 2287 2298 filia
2334 2288 2338 2292 ,

1139 2399 1345 2455 erroris
1398 2416 1620 2454 causam
1675 2400 2014 2473 probandam
2068 2401 2283 2470 attinet,

1147 2480 1292 2536 filius
1333 2479 1410 2537 sit
1445 2479 1557 2536 slve
1588 2481 1719 2549 filia,
1753 2497 1885 2537 cum
1923 2489 2286 2539 senatuscon-

1115 2565 1285 2619 eatur
1311 2578 1329 2618 .·
1358 2562 1482 2618 ‘nisi
1512 2563 1663 2633 forte
1704 2561 1925 2618 Latinus
1954 2565 2040 2619 vel
2062 2564 2284 2620 Latina

1113 2660 1152 2700 re
1205 2644 1369 2699 AElia
1418 2644 1623 2699 Sentia
1673 2645 2125 2700 matrimonium
2155 2659 2283 2700 con-

1117 2741 1166 2792 e,
1217 2723 1264 2778 si
1314 2722 1489 2778 minor
1520 2723 1770 2779 anniculo
1800 2725 1877 2780 sit
1903 2724 2046 2779 filius
2084 2723 2281 2792 filiave,

1113 2813 1151 2871 t;
1211 2821 1311 2859 nec
1354 2821 1441 2858 me
1489 2804 1755 2876 praeterit,
1816 2805 1870 2858 in
1932 2804 2114 2877 aliquo
2166 2821 2283 2860 res-

1117 2903 1241 2941 esse
1281 2884 1654 2954 constitutum,
1699 2895 1991 2958 tamquam,
2027 2884 2172 2957 quod
2214 2884 2284 2941 ad

1113 2966 1456 3034 wobandam,
1489 2966 1820 3022 anniculum
1850 2966 2038 3035 filium
2068 2965 2283 3021 faetmn

1113 3064 1195 3104 ier
1223 3049 1417 3104 videri
1445 3047 1604 3102 debet
1652 3046 1998 3117 qeneraleffl)
2052 3045 2141 3118 jus
2198 3047 2283 3103 in·

1113 3129 1370 3185 vistulam
1404 3127 1479 3182 ad
1503 3126 1805 3197 quemdam
1836 3125 2002 3182 dedit.

1113 3209 1320 3264 icivem
1358 3224 1641 3262 romanam
1671 3224 1898 3263 uxorem
1940 3207 2173 3277 duxerit,
2214 3224 2282 3264 an

1113 3307 1151 3344 n
1181 3290 1420 3362 probare
1437 3290 1635 3360 possit,
1655 3289 1947 3360 quoeritur.
1968 3291 2045 3344 Et
2067 3290 2118 3344 si
2148 3287 2278 3359 qui-

1113 3370 1147 3423 ti
1166 3369 1336 3424 verba
1362 3373 1588 3441 specteS,
1617 3368 1747 3440 quin
1773 3384 1893 3438 non
1913 3385 2076 3441 posse
2108 3367 2280 3423 videri

1149 3449 1199 3504 si
1236 3465 1354 3504 non
1381 3465 1416 3505 a
1446 3450 1699 3520 principe
1736 3449 1838 3504 hoc
1880 3449 1930 3503 ei
1968 3448 2281 3523 specialiter

1115 3528 1445 3601 peregrinus
1490 3529 1663 3585 civem
1715 3528 2013 3586 Romanam
2056 3545 2279 3586 uxorem
