2548 4051
391 268 456 325 94

984 266 1465 324 COMMENTARNJS
1506 265 1785 323 TERTms.

395 390 650 445 debetur:
674 389 821 444 unde
835 389 1121 461 quaeritur,
1143 388 1190 443 si
1211 391 1355 462 quis,
1378 390 1746 446 consentiente
1773 385 2046 444 creditore
2092 380 2253 440 aliud
2274 401 2401 456 pro

397 470 505 526 alio
530 470 773 536 solverit,
799 478 984 524 utrum
1009 469 1125 541 ipso
1145 469 1274 540 jure
1314 470 1605 537 liberetur,
1647 469 1792 542 quod
1822 467 2027 522 nostris
2068 472 2402 538 praecepto-

397 551 555 606 ribus
572 550 796 623 placuit,
831 567 896 604 an
931 549 1050 622 ipso
1082 551 1208 621 jure
1249 559 1471 605 maneat
1509 550 1801 622 obligatuS‚
1855 548 1956 603 sed
1980 547 2241 602 adversus
2279 563 2396 617 pe-

397 640 601 688 tentem
661 631 976 703 exceptione
1032 630 1142 685 doli
1191 631 1325 685 mali
1376 631 1597 686 defendi
1662 630 1877 698 debeat,
1930 627 2076 700 quod
2134 627 2397 706 diversae

742 711 948 766 ‘aribus
973 710 1150 765 visum
1201 719 1303 765 est.

773 808 828 847 m
869 808 970 863 per
986 790 1456 863 acceptilationem
1475 791 1686 847 tollitur
1712 789 2005 862 obligatio:
2026 786 2390 860 acceptilatio

769 872 920 927 'eluti
963 871 1285 944 imaginaria
1322 871 1545 927 solutio:
1592 873 1740 944 quod
1781 870 1922 926 enim
1966 887 2032 924 ex
2077 869 2395 924 verborum

769 951 867 1007 tibi
909 951 1160 1018 debeam,
1202 951 1258 1006 id
1292 953 1337 1006 si
1379 952 1513 1008 velis
1538 953 1672 1006 mihi
1710 950 2014 1020 remittere,
2056 950 2261 1022 poterit
2300 949 2393 1004 sic

769 1033 891 1093 ‚aris
926 1031 1042 1087 haec
1072 1032 1241 1087 verba
1270 1049 1358 1088 me
1390 1033 1571 1088 dicere
1614 1050 1626 1086 z
1660 1046 1809 1095 QUOD
1842 1045 1942 1086 EGO
1972 1044 2085 1084 ΤΙΒΙ
2127 1043 2389 1098 ΡΒΟΜΙΒΙ,

769 1112 994 1168 aprum?
1017 1119 1142 1167 ettu
1160 1114 1499 1185 respondeas
1529 1126 1770 1170 :HABEO.
1810 1118 1851 1167 1
1869 1115 1993 1167 τί).
2010 1111 2125 1187 Quo
2149 1127 2386 1182 genere,

775 1195 1007 1248 tantum
1040 1209 1112 1248 eoe
1145 1193 1532 1263 obliyationes
1578 1194 1905 1260 solvuntur,
1940 1207 2058 1262 quae
2081 1207 2151 1246 eoe
2186 1190 2388 1245 verbis

797 1290 906 1327 non
937 1273 1101 1327 etiam
1142 1280 1368 1341 ceterae3
1413 1281 1841 1328 consentaneum
1880 1271 2020 1326 enim
2055 1271 2231 1326 visum
2278 1278 2389 1336 est,

769 1370 828 1407 ‚m
881 1352 1268 1424 obligationem
1312 1370 1477 1426 posse
1513 1354 1641 1409 aliis
1676 1351 1858 1408 verbis
1896 1351 2143 1406 dissolvi:
2188 1353 2291 1406 sed
2327 1350 2389 1403 id

769 1451 783 1486 t
817 1449 985 1487 causa
1014 1433 1303 1500 debeatur,
1333 1441 1517 1506 potest
1547 1435 1599 1488 in
1646 1430 2049 1506 stipulationem
2090 1430 2287 1486 deduci
2333 1437 2393 1484 et

769 1514 1039 1568 lationem
1070 1513 1325 1568 dissolvi.
1410 1520 1449 1568 1
1470 1519 1592 1569 τί.
1620 1514 1892 1580 Quamvis
1925 1515 2119 1567 autem
2158 1512 2394 1566 ‹limeri-

769 1595 866 1647 ,eri
884 1592 1355 1664 acceptilationem
1383 1593 1713 1665 imaginaria
1746 1592 2037 1660 solutione,
2063 1600 2242 1647 tamen
2265 1609 2394 1646 mu—

771 1672 904 1727 toris
937 1671 1257 1727 auctoritate
1273 1683 1555 1746 acceptum
1569 1675 1750 1729 facere
1774 1689 1879 1728 non
1900 1680 2099 1744 potest,
2115 1688 2238 1727 cum
2260 1671 2394 1727 alio-

769 1753 810 1807 ei
843 1752 960 1808 sine
990 1753 1188 1807 tutoris
1228 1754 1548 1810 auctoritate
1581 1753 1774 1826 possit.
1857 1757 2037 1810 1292,
2079 1752 2215 1807 Item
2243 1752 2396 1825 quod

769 1850 830 1888 ro
861 1841 1020 1906 parte
1052 1841 1204 1890 recte
1245 1834 1509 1898 solvitur;
1540 1851 1613 1890 an
1653 1843 1838 1890 autem
1874 1833 1928 1887 in
1966 1840 2173 1906 partem
2196 1849 2395 1904 accep-

769 1913 916 1982 ossit,
947 1912 1236 1986 quaesitum
1263 1919 1364 1970 cst.

769 2001 808 2050 st
838 1993 998 2049 etiam
1026 1992 1134 2048 alia
1162 1994 1375 2067 species
1408 1994 1750 2067 imaginariae
1772 1993 2078 2063 solutioniS‚
2105 2010 2202 2067 per
2232 2010 2309 2050 aes
2337 1997 2397 2050 et

769 2076 824 2131 >d
855 2083 907 2130 et
935 2073 1118 2146 ipsum
1149 2092 1325 2147 genus
1356 2076 1522 2131 certis
1547 2076 1603 2129 in
1646 2076 1825 2130 causis
1853 2083 2135 2149 receptum
2173 2082 2276 2142 est,
2306 2092 2395 2129 ve-

803 2171 867 2209 eo
914 2154 1132 2208 nomine
1191 2156 1467 2212 debeatur
1517 2155 1657 2229 quod
1695 2173 1795 2229 per
1839 2173 1914 2211 aes
1952 2156 2228 2228 etlibram
2258 2172 2393 2227 ges-

769 2251 807 2289 *e
830 2234 968 2306 quid
987 2251 1051 2287 ex
1058 2235 1291 2305 judicati
1311 2253 1477 2292 causa
1494 2237 1792 2292 debeatur.
1878 2242 1917 2290 1
1938 2242 2059 2292 24.
2089 2238 2285 2307 anue
2302 2252 2392 2291 res

790 2313 1133 2369 adhibentur
1164 2332 1271 2370 non
1310 2317 1495 2372 minus
1543 2334 1704 2389 quam
1751 2315 1995 2391 quinque
2032 2324 2207 2371 testes
2239 2320 2295 2371 et
2325 2316 2395 2370 li-

770 2392 897 2447 inde
933 2393 996 2461 is,
1017 2392 1112 2465 qui
1132 2392 1429 2465 liberatur,
1449 2396 1526 2450 ita
1553 2403 1773 2468 oportet
1798 2394 2088 2468 loquatur:
2120 2410 2265 2457 QUOD
2287 2409 2393 2451 EGO

769 2488 929 2530 ‚LIBUS
953 2487 1347 2533 CONDEMNATL'S
1378 2492 1508 2543 SUM,
1526 2491 1597 2530 ΜΕ
1626 2490 1697 2531 ΕΟ
1729 2490 1940 2535 NOMINE
1965 2493 1998 2532 A
2027 2491 2094 2531 ΤΕ
2122 2489 2283 2531 SOLvo
2311 2489 2397 2529 Ll-

769 2568 830 2610 oc
871 2569 994 2608 AERE
1042 2568 1318 2617 AENEAQUE
1366 2570 1558 2610 LIBRA:
1607 2570 1755 2610 HANG
1795 2569 1896 2610 ΤΙΒΙ
1948 2569 2142 2611 LIBRAM
2178 2564 2395 2610 PmMAM

769 2648 851 2696 iun
895 2648 1147 2692 EXPENDO
1171 2650 1472 2693 SECUNDUM
1502 2650 1672 2691 LEGEM
1711 2649 1988 2691 ructicAM.
2022 2636 2229 2691 Deinde
2269 2652 2393 2690 asse

769 2731 906 2782 ram,
941 2731 1174 2785 eumque
1204 2714 1301 2769 dat
1334 2716 1407 2780 ei,
1442 2733 1471 2769 a
1503 2732 1608 2788 quo
1627 2715 1922 2785 liberatur,
1943 2716 2111 2772 veluti
2144 2715 2395 2771 solvendi

769 2797 871 2848 75.
904 2793 1159 2847 Similiter
1189 2792 1484 2864 legatarius
1505 2794 1766 2850 heredem
1784 2796 1975 2851 eodem
2004 2795 2162 2851 modo
2202 2796 2397 2850 liberat

769 2872 883 2945 juod
903 2889 1003 2945 per
1024 2873 1424 2928 damnationem
1454 2875 1706 2931 relictum
1730 2885 1832 2945 est,
1862 2885 1923 2932 ut
1952 2884 2131 2932 tamen
2163 2875 2394 2945 scilicet,

769 2962 864 3008 ltus
895 2951 1320 3009 condemnatum
1346 2971 1406 3008 se
1437 2972 1559 3011 esse
1593 2956 1879 3029 significat,
1927 2958 2002 3011 ita
2031 2956 2190 3012 heres
2221 2959 2395 3012 testa-

769 3034 886 3090 lare
914 3032 1229 3089 damnatum
1259 3051 1377 3089 esse
1408 3035 1572 3091 dicat.
1617 3035 1696 3091 De
1735 3051 1797 3090 eo
1844 3044 2026 3091 tamen
2054 3044 2261 3092 tantum
2294 3053 2397 3107 po-

769 3132 822 3171 eo
873 3113 1032 3169 modo
1071 3114 1318 3181 liberari,
1353 3115 1497 3187 quod
1524 3115 1787 3186 pondere,
1813 3123 2303 3184 numeroconstet3
2344 3126 2397 3171 et

769 3214 830 3252 lm
858 3196 954 3252 sit:
989 3194 1209 3267 quidam
1237 3201 1294 3250 et
1323 3195 1388 3249 de
1424 3212 1510 3265 eo,
1536 3197 1680 3269 quod
1715 3214 1974 3253 mensura
2004 3196 2398 3266 const-auidam

769 3364 1007 3412 *raeterea
1029 3356 1543 3412 novationetollitur
1574 3357 1862 3429 obligatio,
1888 3358 2055 3414 veluti
2072 3358 2117 3414 si
2164 3359 2308 3432 quod
2339 3365 2399 3414 tu

770 3454 818 3503 S,
845 3453 877 3489 a
905 3436 1043 3490 Titio
1075 3437 1192 3491 dari
1229 3436 1515 3508 stipulatus
1555 3438 1689 3505 sim;
1722 3455 1849 3493 nam
1886 3439 2196 3495 interventu
2244 3456 2400 3494 novae

769 3532 876 3570 ‚ova
917 3515 1162 3570 nascitur
1192 3516 1470 3587 obligatio,
1505 3526 1560 3573 et
1584 3518 1760 3591 prima
1790 3519 2004 3576 tollitur
2032 3519 2294 3575 translata
2342 3520 2400 3573 in

769 3613 814 3664 n,
838 3594 975 3649 adeo
1002 3600 1062 3646 ut
1091 3593 1394 3662 interdum,
1422 3596 1551 3651 licet
1582 3599 1850 3669 posterior
1879 3599 2161 3672 stipulatio
2197 3598 2401 3655 inutilis
