2548 4051
888 270 1367 321 COMMENTARIUS
1407 268 1729 320 SECUNDUS.
2234 268 2296 316 45

320 386 482 442 testis
516 404 638 442 esse
672 404 782 442 non
812 393 1025 459 potest:
1062 404 1125 442 ac
1157 403 1228 441 ne
1251 386 1302 441 is
1330 384 1553 458 quidem
1581 384 1676 456 qui
1710 385 1771 439 in
1803 384 1991 439 eadem
2020 389 2294 458 potestate

295 476 433 536 .est‚
461 468 619 521 velut
646 467 820 522 frater
860 468 1000 538 ejus
1037 466 1142 522 Sed
1171 470 1225 522 et
1263 466 1309 521 si
1334 466 1475 520 filius
1519 464 1767 519 familias
1796 481 1859 518 ex
1895 466 2161 519 castrensi
2196 481 2295 537 pc-

321 547 468 601 culio
501 554 624 619 post
666 547 986 602 missionem
1014 547 1177 602 faciat
1208 551 1632 610 testamentum,
1673 560 1777 599 nec
1803 551 1961 617 pater
1989 545 2107 616 ejus
2148 550 2293 599 recte

318 625 486 681 testis
516 625 816 681 adhibetur
831 626 996 680 necis
1019 626 1111 697 qui
1132 626 1185 680 in
1202 624 1660 698 potestatepatris
1675 631 1773 679 est.
1856 622 2296 680 1ov.Delib1-i-

320 705 502 778 pende
521 706 717 760 eadem
739 721 861 778 quae
884 714 940 759 et
956 704 1024 759 de
1050 705 1294 761 testibus
1315 704 1459 759 dicta
1485 720 1608 758 esse
1635 704 2056 777 intellegemus:
2094 720 2216 758 nam
2241 710 2295 758 et

319 785 609 840 istestium
631 801 862 840 numero
877 793 978 839 est.
1063 790 1244 841 1⁰8.
1264 786 1317 839 Is
1332 800 1461 838 vero
1482 784 1654 856 quiin
1672 792 1947 857 potestate
1961 784 2180 840 heredis
2202 792 2294 839 aut

321 864 571 937 legatarii
607 873 715 933 est,
749 866 972 938 cujusve
1003 865 1164 922 heres
1197 864 1315 939 ipse
1343 873 1437 920 aut
1466 865 1775 936 legatarius
1808 867 1865 921 in
1897 873 2161 940 potestate
2192 873 2289 935 est,

323 946 530 1018 quique
559 947 615 1000 in
655 944 905 1016 ejusdem
950 953 1216 1017 potestate
1253 952 1357 1012 est,
1394 944 1531 1000 adeo
1561 944 1718 999 testis
1753 954 1807 1001 et
1838 946 2105 1017 libripens
2134 945 2292 1001 adhi-

321 1025 443 1081 beri
474 1033 677 1097 potest,
711 1032 773 1081 ut
800 1025 917 1095 ipse
959 1041 1176 1097 quoque
1207 1025 1370 1079 heres
1408 1032 1504 1080 aut
1554 1023 1857 1097 legatarius
1902 1027 2028 1098 jure
2066 1024 2292 1081 adhibe-

326 1112 509 1161 antur.
531 1103 639 1160 Sed
667 1112 856 1159 tamen
886 1103 1035 1173 quod
1067 1104 1135 1157 ad
1161 1104 1425 1158 heredem
1446 1103 1705 1175 pertinet,
1722 1105 1929 1177 quique
1956 1104 2013 1159 in
2043 1103 2164 1175 ejus
2192 1121 2292 1177 po-

321 1192 521 1241 testate
563 1194 670 1253 est‚
705 1182 932 1255 cujusve
974 1183 1025 1257 st
1065 1183 1120 1237 in
1171 1191 1446 1256 potestate
1477 1183 1605 1250 erit,
1646 1184 1872 1238 minime
1918 1186 2020 1240 hoc
2053 1186 2177 1257 jure
2208 1186 2289 1240 uti

326 1264 610 1321 debemus,

395 1366 464 1407 Dr.
500 1367 862 1410 TESTAMENTIS
901 1350 1142 1415 MHJTUM.
1229 1356 1412 1408 1⁰9.
1470 1351 1576 1407 Sed
1639 1353 1755 1409 haec
1803 1353 2039 1425 diligens
2097 1354 2291 1409 obser-

323 1432 476 1487 vatio
533 1433 590 1486 in
641 1433 964 1493 ordinandis
1030 1433 1377 1492 testamentis
1441 1431 1710 1487 militibus
1765 1442 1995 1506 propter
2071 1433 2290 1488 nimiam

323 1512 656 1584 imperitiam
721 1514 1214 1573 constitutionibus
1284 1510 1596 1584 principum
1652 1513 1885 1569 remissa
1962 1520 2101 1569 est:
2164 1529 2291 1567 nam
2338 1504 2353 1527 ‘

323 1592 570 1663 quamvis
608 1611 788 1666 neque
826 1597 1136 1671 legitimum
1181 1608 1481 1650 numerum
1505 1592 1727 1648 testium
1785 1591 2161 1661 adhibuerint,
2196 1610 2290 1647 ne-

324 1689 428 1745 que
460 1673 810 1729 vendiderint
835 1677 1126 1744 familiam,
1176 1690 1357 1746 neque
1409 1674 1842 1745 nuncupaverint
1872 1680 2286 1741 testamentum,

322 1761 473 1807 recte
507 1752 677 1807 nihilo
714 1753 893 1811 minus
927 1762 1214 1812 testantur.
1302 1756 1481 1806 11⁰.
1519 1753 1795 1807 Praeterea
1827 1752 2160 1826 permissum
2208 1762 2289 1807 est

323 1831 388 1886 iis
418 1841 473 1888 et
501 1833 826 1905 peregrinos
868 1844 924 1891 et
967 1836 1188 1891 Latinos
1228 1832 1515 1887 instituere
1552 1831 1788 1887 heredes
1837 1834 1923 1888 vel
1962 1834 2032 1889 iis
2065 1832 2285 1905 legare3

324 1928 442 1967 cum
513 1912 756 1985 alioquin
797 1915 1079 1988 peregrini
1128 1912 1350 1987 quidem
1403 1912 1619 1966 ratione
1688 1912 1836 1967 civili
1894 1908 2290 1985 prohibeantur

323 2008 518 2065 capere
549 1993 918 2051 hereditatem
943 1996 1262 2068 legataque,
1296 1991 1471 2049 Latini
1516 2009 1647 2049 vero
1696 2009 1794 2065 per
1833 1992 2015 2064 legem
2042 1992 2282 2052 Juniam.

401 2077 579 2129 111.
604 2073 831 2130 Caelibes
853 2094 1070 2149 quoque
1115 2075 1206 2148 qui
1253 2075 1380 2145 lege
1400 2072 1548 2127 Julia
1584 2073 1958 2128 hereditatem
1997 2073 2286 2147 legataque

321 2169 519 2226 capere
580 2162 856 2222 vetantur,
893 2156 1022 2211 item
1085 2155 1229 2221 orbi,
1269 2153 1323 2207 id
1366 2159 1447 2208 est
1505 2152 1598 2224 qui
1630 2152 1836 2207 liberos
1890 2170 1995 2208 non
2057 2153 2281 2224 habent,

319 2249 461 2303 quos
489 2232 577 2286 lex
603 2235 792 2305 Papia
818 2237 945 2306 plns
976 2251 1149 2306 {lnam
1183 2233 1463 2290 dimidias
1494 2235 1695 2303 partes
1740 2233 2085 2289 hereditatis
2138 2235 2284 2304 lepa-

321 2315 621 2384 torumque
659 2330 858 2387 capere
904 2307 1195 2382 vetat,'eoe
1236 2314 1447 2370 militis
1496 2313 1834 2372 testamento
1888 2314 2142 2370 solidum
2188 2330 2285 2370 ca-

311 2393 602 2464 piunt(?).

328 2629 438 2689 [Hic
465 2631 602 2678 deest
628 2630 886 2691 integrum
903 2629 1098 2688 solium,
1122 2629 1226 2688 ubi,
1257 2631 1559 2689 argumento
1582 2627 1643 2673 de
1673 2625 1877 2674 militari
1900 2630 2191 2677 testamento
2222 2631 2286 2678 ad

380 2701 530 2749 finem
554 2704 815 2764 perducto,
847 2703 908 2749 ad
936 2716 1021 2750 eas
1051 2714 1284 2762 personas
1326 2703 1497 2748 auctor
1527 2699 1829 2760 processisse
1862 2698 2077 2757 videtur,
2101 2701 2285 2762 quibus

380 2787 482 2820 non
513 2777 589 2821 est
617 2775 912 2833 permissum
953 2773 1113 2822 facere
1141 2775 1513 2821 testamentum.
1548 2770 1593 2818 Is
1619 2771 1755 2818 locus
1785 2770 1838 2819 in
1880 2771 2098 2832 Epitoma
2127 2773 2196 2821 ita
2231 2788 2284 2821 se

378 2845 554 2892 habet:
580 2843 661 2908 31.
683 2844 737 2893 ld
757 2857 944 2908 quoque
955 2845 1203 2893 statutum
1213 2846 1305 2902 est,
1324 2843 1453 2906 quod
1480 2854 1582 2891 non
1601 2841 1830 2892 omnibus
1844 2841 1991 2892 liceat
2008 2842 2175 2904 facere
2191 2845 2284 2893 tes-

381 2916 691 2964 tamentum:
721 2915 848 2964 sicut
873 2917 991 2964 sunt
1011 2915 1060 2963 hi
1085 2915 1170 2977 qui
1192 2916 1272 2964 sui
1292 2914 1427 2977 juris
1452 2926 1552 2962 non
1579 2915 1719 2975 sunt,
1746 2912 1829 2962 sed
1845 2914 2007 2964 alieno
2029 2915 2140 2978 juri
2165 2915 2285 2963 sub-

375 2985 496 3046 iecti
521 2988 654 3044 sunt,
682 2986 770 3035 hoc
799 2987 872 3034 est
892 2985 1005 3050 filii,
1029 2988 1133 3035 tam
1164 2999 1228 3035 ecc
1253 2987 1397 3036 nobis
1425 2985 1553 3042 nati,
1581 2998 1728 3048 quam
1757 2984 1992 3048 adoptivi.
2020 2985 2045 3050 β,
2078 2984 2125 3033 2.
2156 2987 2286 3036 Item

382 3055 676 3104 testamenta
701 3055 864 3117 facere
888 3069 990 3105 non
1008 3061 1216 3120 possunt
1245 3055 1540 3120 impuberes,
1575 3054 1627 3103 td
1665 3059 1758 3115 est,
1798 3056 2013 3106 minores
2046 3059 2284 3119 quatuor-

381 3124 538 3174 decim
573 3139 836 3184 annorum,
870 3129 958 3176 aut
985 3127 1165 3190 puellae
1187 3127 1462 3177 duodecim.
1499 3125 1522 3191 β,
1550 3125 1596 3174 3.
1629 3126 1758 3176 Item
1785 3132 1835 3176 et
1872 3127 1941 3184 hi,
1968 3128 2053 3189 qui
2072 3125 2280 3190 furiosi,

378 3196 430 3245 id
457 3201 533 3245 est
561 3197 728 3244 mente
763 3196 928 3243 insani
953 3195 1162 3257 fuerint,
1190 3213 1292 3248 non
1315 3203 1523 3261 possunt
1552 3196 1717 3258 facere
1759 3199 2069 3250 testamenta.
2102 3199 2199 3251 Sed
2233 3203 2285 3251 hi

375 3267 462 3331 qui
498 3267 661 3316 insani
709 3267 847 3325 sunt,
885 3279 976 3330 per
1007 3267 1294 3328 intervalla,
1331 3267 1505 3330 quibus
1545 3268 1652 3318 sani
1690 3270 1827 3330 sunt,
1859 3275 2069 3334 possunt
2117 3273 2281 3335 facere

379 3341 690 3400 testamenta.
703 3342 718 3398 l

320 3556 979 3580 ...................
1001 3518 1361 3593 prohibentur
1399 3518 2268 3578 hi

289 3601 506 3674 *Desunt
533 3597 564 3647 6
591 3600 700 3659 lin..
729 3599 818 3649 ubi
869 3602 1034 3664 palam
1089 3605 1165 3652 est
1207 3615 1491 3651 sermonem
1538 3617 1649 3652 esse
1677 3605 1739 3650 de
1776 3603 1943 3658 aliquo
1968 3610 2162 3704 3eorum
2191 3603 2277 3658 qui
