2548 4051
872 243 1364 312 COMMENTARIUS
1403 261 1737 311 SECUNDUS.
2221 259 2278 308 41

308 387 549 444 sequens
573 381 659 428 est
693 382 753 430 ut
775 375 925 430 utilis
964 376 1097 432 mihi
1135 377 1276 432 actio
1311 377 1600 432 adversum
1630 382 1684 430 te
1734 375 1854 430 dari
1895 375 2134 441 debeat3
2176 391 2280 446 quo

302 469 437 507 casu
465 453 567 507 nisi
588 453 792 510 solvam
816 457 1124 528 impensam
1152 457 1396 530 picturae,
1420 456 1624 529 poteris
1667 473 1754 510 me
1782 472 1880 527 per
1906 455 2281 526 exceptionem

301 531 419 586 doli
447 533 579 588 mali
608 534 897 606 repellere,
942 537 1129 609 utique
1156 537 1202 592 si
1233 537 1391 594 bonae
1431 535 1557 591 fidei
1588 553 1874 609 possessor
1914 535 2104 589 fueriS.
2142 533 2282 589 Illud

299 612 488 684 palam
517 621 619 682 est,
632 615 798 686 quod,
830 616 945 671 sive
973 623 1033 673 tu
1060 617 1396 691 subripuisti
1418 615 1683 684 tabulam,
1703 616 1815 670 sive
1845 615 2001 682 aliuS,
2021 614 2281 686 competit

298 691 441 747 mihi
467 693 599 748 furti
619 695 780 751 actio.
816 744 821 749 .

383 776 507 828 Ἠ).
542 773 603 851 ln
620 774 743 830 aliis
772 793 993 850 quoque
1018 776 1311 850 speciebus
1333 776 1598 834 naturalis
1623 776 1762 832 ratio
1789 775 2116 848 requiritur:
2152 792 2279 847 pro-

298 853 429 908 inde
452 852 495 908 si
536 871 601 908 ex
628 854 745 910 uvis
778 860 882 912 aut
916 858 1081 914 olivis
1112 861 1219 913 aut
1256 858 1436 929 spicis
1457 857 1594 916 meis
1620 857 1806 912 vinum
1837 863 1931 912 aut
1961 855 2141 911 oleum
2189 864 2275 908 aut

296 931 637 988 frumentum
654 935 870 1005 feceriS,
896 937 1165 1009 quaeritur
1179 943 1363 992 utrum
1388 954 1573 995 meum
1595 935 1668 992 sit
1699 936 1754 991 id
1772 936 1957 990 vinum
1982 943 2076 990 aut
2097 933 2277 988 oleum

299 1018 398 1065 aut
427 1012 783 1082 frumentum,
818 1031 887 1070 an
916 1023 1092 1072 tuum.
1127 1016 1261 1074 Item
1289 1017 1335 1072 si
1369 1034 1432 1071 ex
1462 1033 1595 1071 auro
1627 1024 1719 1071 aut
1749 1023 1974 1087 argento
2018 1031 2140 1068 meo
2185 1031 2279 1068 vas

300 1090 528 1164 aliquod
570 1092 789 1162 feceris,
819 1094 907 1150 vel
935 1113 1000 1150 ex
1027 1095 1229 1150 tabulis
1274 1096 1416 1150 meis
1453 1113 1650 1151 navem
1692 1106 1783 1150 aut
1833 1094 2133 1150 armarium
2185 1102 2278 1148 aut

297 1169 628 1226 subsellium
655 1172 1045 1241 fabricaveris3
1080 1173 1212 1229 item
1248 1174 1294 1230 si
1321 1191 1384 1229 ex
1414 1175 1538 1229 lana
1567 1192 1690 1230 mea
1719 1174 2105 1229 vestimentum
2137 1173 2276 1227 fece-

296 1249 402 1318 ris,
434 1250 518 1304 vel
544 1251 589 1305 si
622 1269 685 1306 ex
714 1252 841 1308 vino
874 1259 929 1308 et
968 1253 1135 1308 melle
1167 1271 1290 1310 meo
1322 1255 1567 1309 mulsum
1595 1254 1812 1321 feceriS,
1843 1253 1954 1308 sive
1997 1270 2062 1306 ex
2103 1253 2276 1306 medi-

297 1329 563 1386 camentis
606 1332 745 1387 meis
801 1335 1164 1405 emplastrum
1214 1334 1305 1389 vel
1362 1334 1654 1405 collyrium
1707 1333 1938 1400 feceris,
1997 1334 2276 1404 qnaeritnr

298 1413 499 1466 utrum
527 1413 692 1466 tuum
729 1414 811 1468 sit
842 1414 904 1470 id
932 1415 1081 1485 qnod
1128 1429 1200 1470 ecc
1226 1430 1348 1470 meo
1379 1415 1650 1486 effeceriS,
1694 1430 1762 1469 an
1805 1429 2008 1468 meum.
2045 1413 2272 1476 Quidam

297 1490 588 1545 materiam
632 1499 685 1546 et
711 1493 1083 1549 substantiam
1134 1495 1493 1566 spectandam
1540 1511 1664 1549 esse
1713 1500 1934 1566 putant,
1979 1491 2034 1547 id
2077 1500 2182 1558 est,
2215 1496 2276 1547 ut

296 1570 454 1641 cujus
482 1572 713 1626 materia
743 1571 833 1640 sit,
870 1572 1015 1628 illius
1047 1582 1101 1630 et
1120 1591 1211 1630 res
1241 1591 1364 1646 quae
1389 1574 1531 1629 facta
1559 1572 1630 1629 sit
1665 1573 1911 1629 videatur
1941 1589 2083 1638 esse,
2116 1572 2274 1644 idque

297 1650 531 1705 maxime
562 1651 764 1723 placuit
786 1652 984 1728 Sabino
1015 1660 1069 1708 et
1094 1653 1315 1721 Cassi03
1347 1652 1440 1709 alii
1471 1669 1603 1709 vero
1634 1653 1754 1724 ejus
1785 1669 1902 1708 rem
1934 1668 2056 1706 esse
2083 1658 2274 1724 putant

298 1729 392 1802 qui
419 1729 629 1796 fecerit,
663 1731 831 1805 idque
856 1733 1088 1788 maxime
1118 1735 1349 1789 diversae
1370 1733 1574 1789 scholae
1595 1733 1912 1788 auctoribus
1949 1731 2124 1786 visum
2155 1739 2267 1786 est:

300 1809 398 1865 sed
429 1826 551 1864 eum
582 1827 799 1884 quoque
825 1813 981 1884 cujus
1010 1813 1247 1868 materia
1280 1819 1334 1867 et
1363 1813 1669 1867 substantia
1706 1812 1889 1881 fuerit,
1921 1811 2051 1866 furti
2085 1811 2273 1865 adver-

296 1905 389 1943 sus
414 1907 538 1961 eum
566 1891 661 1963 qui
694 1891 1051 1964 subripuerit,
1084 1891 1288 1947 habere
1323 1891 1618 1956 actionem;
1651 1905 1750 1945 nec
1789 1889 1972 1944 minus
2012 1889 2271 1944 adversus

268 1969 549 2025 eumdem
594 1971 997 2029 condictionem
1036 1972 1086 2028 ei
1127 1980 1465 2045 competere,
1513 1971 1650 2046 quia
1689 1969 1938 2025 extinctae
1983 1985 2098 2033 reS,
2143 1969 2272 2024 licet

293 2050 553 2106 vindicari
582 2070 690 2108 non
720 2054 950 2126 possint,
984 2052 1194 2109 condici
1221 2061 1406 2108 tamen
1442 2052 1657 2107 furibus
1689 2058 1742 2106 et
1780 2049 2108 2123 quibusdam
2147 2050 2267 2104 aliis

282 2132 701 2201 possessoribus
728 2140 972 2206 possunt.

370 2210 429 2264 V.
483 2210 825 2275 ΒΕΡυΡιιιῐε
850 2227 920 2267 AN
938 2206 1155 2277 Amnum
1184 2228 1219 2267 A
1252 2227 1313 2268 ss
1339 2225 1611 2268 ALOENARE
1647 2224 1909 2267 Possum.
1950 2213 2078 2265 8⁰.
2115 2208 2268 2263 Nunc

293 2290 623 2347 admonendi
656 2309 859 2362 sumus,
892 2310 1075 2384 neque
1099 2293 1357 2349 feminam
1401 2310 1582 2365 neque
1613 2292 1886 2381 pupillum
1921 2289 2037 2345 sine
2066 2289 2266 2344 tutoiis

260 2384 269 2391 ‘
292 2370 617 2426 auctoritate
644 2388 763 2428 rem
789 2374 1027 2455 mancipi
1055 2372 1298 2429 alienare
1319 2390 1516 2448 posse;
1550 2389 1652 2427 nec
1686 2369 1926 2442 mancipi
1956 2385 2086 2424 vero
2117 2368 2266 2423 femi-

290 2466 417 2504 nam
442 2452 665 2522 quidem
687 2468 867 2525 posse,
882 2444 1150 2543 pupillum
1167 2470 1278 2509 non
1302 2470 1483 2525 posse.
1566 2458 1692 2507 81.
1709 2452 1953 2523 Ideoque
1978 2448 2264 2519 siquando

290 2530 491 2585 mulier
513 2541 762 2587 mutuam
789 2534 1075 2623 pecuniam
1101 2532 1267 2588 alicui
1297 2532 1414 2588 sine
1445 2532 1647 2587 tutoris
1673 2530 1999 2585 auctoritate
2031 2528 2264 2595 dederit,

291 2610 420 2681 quia
443 2611 573 2667 facit
612 2630 733 2667 eam
762 2612 1100 2685 accipientis,
1134 2630 1255 2667 cum
1289 2612 1499 2667 scilicet
1527 2610 1758 2683 pecunia
1786 2626 1874 2664 res
1900 2623 2000 2662 nec
2022 2606 2262 2679 mancipi

290 2690 380 2757 sit,
414 2691 691 2747 contrahit
736 2692 1149 2765 obligationem.
1232 2698 1358 2749 8².
1402 2692 1468 2748 At
1501 2692 1547 2748 si
1578 2690 1822 2765 pupillus
1865 2688 2008 2743 idem
2047 2686 2260 2753 fecerit,

289 2771 418 2841 quia
438 2770 747 2841 pecuniam
799 2790 908 2829 non
963 2775 1113 2844 facit
1161 2772 1513 2845 accipientiS,
1563 2772 1661 2826 sed
1717 2770 1988 2826 dominns
2041 2770 2258 2830 manet,

287 2849 505 2907 nullam
537 2852 814 2907 contrahit
839 2853 1261 2924 obligationem:
1293 2853 1438 2908 unde
1457 2850 1702 2925 pupillus
1720 2850 1999 2904 vindicare
2030 2848 2260 2919 quidem

288 2946 538 2985 nummos
573 2948 701 2985 suos
731 2939 931 3003 potest,
984 2931 1162 2987 sicubi
1196 2940 1404 3000 extent,
1443 2932 1498 2986 id
1544 2937 1630 2986 est
1661 2944 1750 2985 eos
1781 2936 1976 3001 petere
2024 2942 2152 2981 suos
2195 2942 2260 2979 ex

280 3008 409 3080 jure
456 3010 745 3073 Quiritium
788 3027 939 3079 ess63
974 3011 1177 3067 mulier
1219 3028 1350 3069 vero
1398 3027 1504 3081 per
1558 3010 1752 3065 mutui
1783 3010 2066 3063 actionem
2097 3022 2128 3059 a
2162 3022 2259 3059 reo

283 3090 588 3161 pecuniam
625 3102 874 3161 repetere
924 3099 1125 3163 potest,
1179 3091 1276 3147 sed
1315 3107 1434 3147 non
1473 3106 1642 3147 snam
1679 3104 1794 3145 esse
1826 3095 2036 3159 petere.
2106 3085 2258 3141 Unde

286 3168 355 3224 de
388 3167 601 3241 pupillo
632 3169 851 3241 quidem
884 3172 1165 3242 quaeritur,
1213 3189 1282 3227 an
1324 3172 1560 3226 nummis
1592 3172 1689 3236 iis,
1745 3182 1878 3237 quos
1907 3172 2128 3222 mutilos
2163 3166 2258 3221 de-

285 3249 383 3317 dit,
411 3249 479 3304 ab
513 3266 598 3318 ec,
632 3250 725 3321 qui
754 3250 979 3324 accepit,
1004 3252 1377 3321 consumpti3‚
1415 3252 1607 3320 aliqua
1637 3247 1848 3303 actione
1876 3265 1969 3302 eos
1997 3248 2256 3320 persequi

286 3330 478 3401 possit,
510 3330 763 3402 quoniam
794 3331 917 3386 nisi
948 3347 985 3387 a
1009 3331 1335 3403 possidente
1367 3330 1663 3386 vindicari
1692 3344 1797 3383 non
1842 3336 2043 3400 potest.
2125 3328 2251 3380 93.

284 3410 363 3465 At
410 3426 473 3478 ex
502 3411 779 3477 contrario
820 3427 1011 3468 omnes
1060 3426 1151 3467 res
1206 3414 1327 3468 tam
1371 3411 1627 3481 mancipi
1669 3425 1842 3480 qnam
1873 3426 1975 3463 nec
2018 3404 2252 3475 mancipi

284 3488 612 3547 mulieribus
655 3498 711 3546 et
761 3491 985 3565 pupillis
1034 3493 1161 3547 sine
1213 3491 1409 3547 tutoris
1449 3488 1769 3545 auctoritate
1811 3488 1949 3543 solvi
2001 3492 2248 3559 possunt,

286 3568 545 3640 quoniam
582 3570 871 3628 meliorem
898 3571 1267 3631 conditionem
1299 3588 1454 3627 suam
1489 3570 1668 3627 facere
1715 3568 1782 3622 iis
1820 3567 1980 3621 etiam
2019 3564 2133 3617 sine
2165 3569 2254 3616 tu-
