2548 4051
389 247 479 301 130
956 252 1440 332 coMMssNrAnlth
1478 255 1780 314 QUARTUS.

381 369 449 424 ab
480 368 793 425 adversario
821 370 1127 443 possideat;
1150 369 1196 426 si
1221 387 1349 425 vero
1367 370 1434 425 de
1460 387 1520 425 re
1543 369 1753 437 mobili,
1777 387 1904 425 eum
1935 370 2202 443 potiorem
2239 389 2374 428 esse

373 449 547 521 jubet,
581 449 675 522 qui
714 451 927 524 majore
958 459 1113 524 parte
1143 451 1262 522 ejus
1283 449 1412 506 anni
1443 467 1546 505 nec
1571 450 1623 504 vi
1653 466 1753 504 nee
1793 450 1933 505 clam
1966 467 2065 506 nec
2107 453 2376 524 precario

374 529 442 585 ab
472 529 783 586 adversario
811 531 1159 604 possederim
1182 531 1348 604 idque
1379 529 1509 586 satis
1537 529 1676 603 ipsis
1709 530 1887 585 verbis
1928 530 2366 588 interdictorum

372 609 721 682 significatur.
770 615 951 667 151.
978 611 1081 667 Sed
1100 611 1157 666 in
1172 623 1368 668 ornum
1385 608 1680 666 interdicto
1703 627 1808 665 non
1825 609 2002 666 solum
2024 628 2126 666 sua
2149 613 2370 684 cuique

369 690 644 763 possessio
666 691 907 762 prodest,
924 691 1019 746 sed
1044 691 1209 746 etiam
1222 690 1462 746 alterius
1487 707 1650 764 quam
1665 691 1878 762 justum
1899 687 2051 746 estei
2074 691 2370 759 accedere,

365 769 533 826 veluti
556 769 673 842 ejus
704 771 791 826 eui
825 770 988 826 heres
1016 770 1280 840 extiterit,
1301 771 1529 844 ejusque
1553 789 1586 825 a
1616 785 1722 843 quo
1757 770 1950 826 emerit
1984 768 2154 826 velex
2183 771 2366 827 dona-

361 848 509 905 tione
538 859 630 907 aut
661 849 806 907 dotis
836 852 1061 908 nomine
1108 851 1418 924 acceperit:
1472 852 1658 924 itaque
1687 851 1735 906 si
1779 858 1980 908 nostrae
2009 853 2367 924 possession

353 929 549 1002 juncta
582 930 979 1005 alterius'justa
998 933 1277 1007 possessio
1306 941 1581 1006 eaeuperat
1605 931 1904 988 adversarii
1925 931 2361 1004 possessionem,

359 1027 459 1066 nos
480 1027 545 1066 eo
573 1011 863 1068 interdicto
906 1012 1207 1068 vincimus:
1248 1013 1459 1068 nullam
1489 1022 1675 1069 autem
1721 1012 2010 1084 propriam
2041 1013 2360 1085 possessio-

359 1107 484 1145 nem
508 1090 728 1148 habenti
760 1093 1008 1148 accessio
1040 1092 1312 1166 temporis
1347 1110 1450 1148 nec
1482 1092 1648 1148 datur
1676 1109 1778 1148 nec
1807 1092 1926 1147 dari
1950 1100 2130 1165 potest
2170 1111 2181 1146 ε
2219 1111 2360 1150 nam

362 1170 413 1226 ei
444 1171 588 1243 quod
624 1170 838 1228 nullum
874 1181 981 1241 est,
1010 1171 1149 1228 nihil
1180 1172 1446 1229 accedere
1495 1181 1678 1245 potest
1723 1191 1736 1228 x
1789 1172 1884 1228 sed
1921 1179 1974 1228 et
2015 1190 2063 1227 s1
2093 1171 2355 1228 vitiosam

362 1249 563 1307 habeat
597 1253 1034 1326 possessionem,
1066 1253 1119 1308 id
1154 1262 1239 1309 est
1279 1253 1476 1323 aut-vi
1521 1262 1618 1308 aut
1665 1253 1808 1308 clam
1851 1260 1946 1308 aut
1982 1253 2235 1327 precario
2275 1253 2356 1310 ab

362 1328 673 1388 adversario
720 1333 1084 1407 adquisitam,
1135 1350 1247 1388 non
1289 1331 1454 1389 datur
1493 1333 1777 1400 accessi03
1811 1349 1947 1389 nam
1979 1332 2028 1388 ei
2052 1335 2350 1404 possessio

364 1426 463 1464 sua
520 1411 658 1467 nihil
689 1415 935 1488 prodest.
1020 1418 1205 1472 1572.
1237 1415 1426 1470 Annus
1455 1421 1636 1468 autem
1668 1421 1938 1470 retrorsus
1979 1421 2346 1470 numeratur:

364 1489 543 1562 itaque
574 1494 619 1548 si
650 1503 707 1550 tu
748 1495 901 1551 verbi
926 1495 1107 1566 gratia
1142 1507 1234 1551 vlu
1279 1494 1560 1550 mensibus
1609 1495 1926 1568 possederis
1972 1494 2349 1568 prioribuS,et

362 1587 463 1642 ego
494 1585 564 1630 vn
592 1575 1010 1648 posteriorihuS,
1036 1593 1139 1648 ego
1168 1575 1350 1647 potior
1381 1591 1492 1641 ero,
1523 1575 1669 1646 quod
1701 1577 1872 1631 trium
1901 1573 2152 1648 priorum
2187 1592 2346 1630 men-

354 1659 498 1714 sium
527 1655 800 1730 possessio
817 1654 956 1710 nihil
984 1656 1087 1710 tibi
1110 1654 1167 1709 in
1193 1656 1298 1710 hoc
1325 1655 1618 1711 interdicto
1649 1655 1894 1728 prodest,
1921 1655 2067 1729 quod
2107 1655 2348 1711 alterius

354 1739 477 1794 anni
508 1735 781 1809 possessio
810 1742 914 1790 est.
1000 1739 1182 1791 153.
1218 1735 1507 1792 Possidere
1536 1744 1722 1792 autem
1745 1736 1994 1791 videmur
2009 1753 2117 1791 non
2153 1735 2342 1791 solum

352 1818 397 1874 si
444 1817 549 1892 ipsi
581 1815 975 1889 possideamus,
1029 1816 1125 1872 sed
1192 1815 1358 1872 etiam
1411 1817 1458 1871 si
1491 1825 1682 1872 nostro
1742 1816 1960 1872 nomine
2016 1815 2216 1888 aliquis
2276 1815 2340 1870 in

349 1897 729 1973 possessionne
760 1895 852 1965 sit,
876 1896 1003 1953 licet
1032 1895 1079 1952 is
1112 1905 1304 1953 nostro
1332 1897 1452 1969 juri
1489 1897 1773 1968 subjectus
1801 1914 1910 1952 non
1935 1896 2028 1964 sit,
2043 1895 2218 1969 qualis
2251 1905 2340 1952 est

348 1978 572 2036 colonus
599 1985 654 2034 et
676 1975 1007 2051 inquilinus:
1042 1992 1145 2051 per
1170 1993 1261 2033 eos
1299 1977 1706 2051 qnoque,apud
1725 1994 1865 2051 quos
1891 1975 2332 2050 deposuerimuS,

346 2067 439 2116 aut
469 2059 673 2132 quihus
700 2056 1247 2125 commodaverimus,
1282 2058 1586 2132 autquibus
1617 2058 1908 2131 gratuitam
1931 2056 2331 2113 habitationem

345 2139 785 2215 praestiterimus,
818 2138 923 2211 ipsi
968 2137 1257 2211 possidere
1293 2139 1579 2206 videmur-3
1615 2144 1668 2193 et
1695 2138 1800 2193 hoc
1839 2146 1942 2205 est,
1977 2138 2124 2211 quod
2153 2138 2330 2211 vulgo

346 2220 566 2289 dicitur,
590 2218 814 2275 retineri
843 2218 1246 2290 possessionem
1286 2235 1448 2292 posse
1495 2236 1597 2293 per
1643 2217 1970 2291 quemlibet,
2017 2218 2112 2291 qui
2138 2226 2332 2275 nostro

344 2300 563 2358 nomine
592 2300 659 2356 sit
689 2300 746 2354 in
792 2298 1159 2371 possessione.
1202 2299 1340 2363 Quin
1379 2299 1543 2355 etiam
1571 2298 1827 2372 plerique
1885 2307 2081 2373 putant
2137 2300 2328 2356 animo

344 2398 568 2455 quoque
586 2379 822 2435 retineri
855 2380 1294 2453 possessionem,
1329 2381 1515 2448 idest,
1560 2384 1627 2437 ut
1675 2381 1942 2452 quamvis
1982 2397 2162 2453 neque
2201 2382 2326 2453 ipsi

267 2488 274 2493 ·
339 2463 523 2519 simus
548 2463 613 2517 in
636 2461 999 2532 possessione
1025 2478 1200 2533 neque
1246 2468 1434 2517 nostro
1465 2461 1684 2517 nomine
1715 2461 1874 2529 alius,
1907 2470 2092 2516 tamen
2141 2463 2324 2517 sinon

340 2540 725 2616 relinquendae
755 2540 1128 2615 possessionis
1160 2542 1340 2597 animo
1367 2542 1465 2597 sed
1495 2550 1690 2615 postea
1722 2541 2003 2597 reversuri
2038 2540 2164 2597 inde
2209 2542 2321 2597 dis-

340 2623 693 2689 cesserimuS,
709 2621 947 2677 retinere
978 2622 1382 2693 possessionem
1427 2622 1726 2678 videamur.
1751 2620 1996 2695 Adipisci
2030 2638 2159 2677 vero
2187 2639 2326 2695 pos·

341 2702 642 2759 sessionem
671 2719 770 2776 per
807 2719 943 2775 quos
970 2701 1533 2773 possimus‚‘secundo
1565 2700 1958 2758 commentario
1993 2701 2314 2769 retulimus;

340 2800 439 2840 nec
480 2782 595 2837 ulla
640 2782 910 2837 dubitatio
930 2789 1031 2851 est,
1066 2782 1201 2855 quin
1246 2784 1423 2837 animo
1470 2783 1878 2855 possessionem
1927 2782 2157 2855 adipisci
2205 2800 2320 2837 non

338 2864 632 2939 possimus.
716 2865 897 2917 154.
929 2861 1318 2935 Reciperandae
1364 2862 1730 2936 possessionis
1761 2880 1926 2919 causa
1955 2863 2095 2919 solet
2133 2862 2314 2918 inter-

340 2940 544 3001 dictum
589 2941 725 3010 dari,
760 2942 804 2997 si
852 2940 975 3013 quis
1014 2958 1081 2997 ex
1118 2944 1486 3016 ,possessione
1533 2943 1585 2997 vi
1626 2942 1874 3015 dejectus
1925 2943 2024 2999 sit:
2073 2960 2198 2999 nam
2259 2944 2320 2998 ei

336 3022 657 3101 proponitur
688 3022 1037 3079 interdictum
1083 3022 1241 3094 cujus
1273 3023 1601 3097 principium
1631 3032 1712 3077 est
1763 3023 1908 3079 UNDE
1951 3038 2020 3079 'ru
2056 3035 2222 3079 ILLUM
2251 3037 2316 3077 vi

338 3118 730 3178 DEJECISTI,per
753 3103 897 3176 quod
921 3103 990 3172 is,
1012 3103 1105 3176 qui
1118 3103 1340 3175 dejecit,
1367 3103 1581 3177 cogitur
1593 3102 1645 3158 ei
1665 3103 1962 3159 restituere
1985 3103 2064 3159 rei
2088 3119 2314 3176 posses-

334 3186 567 3253 sionem,
598 3184 648 3240 si
677 3185 843 3240 modo
870 3183 937 3253 is,
971 3184 1066 3256 qui
1095 3184 1341 3257 dejectus
1369 3192 1468 3253 est,
1504 3201 1606 3241 nec
1630 3183 1681 3239 vi
1702 3201 1804 3239 nec
1827 3183 1969 3239 clam
1990 3200 2091 3239 nec
2115 3200 2311 3257 preca-

332 3266 415 3322 rio
445 3264 770 3337 possederit
794 3265 865 3319 ab
896 3265 1101 3331 altero,
1132 3280 1254 3319 cum
1305 3265 1396 3337 qui
1432 3282 1462 3319 a
1491 3282 1578 3319 me
1611 3264 1661 3319 vi
1691 3272 1783 3320 aut
1818 3264 1958 3319 clam
1978 3272 2073 3319 aut
2112 3281 2310 3337 preca-2

335 3348 417 3403 rio
438 3342 699 3420 possidet,
722 3344 943 3416 impune
970 3345 1131 3417 dejici
1152 3348 1359 3415 polest.
1445 3348 1628 3400 155.
1663 3344 1938 3400 Interdum
1964 3352 2149 3399 tamon
2169 3352 2225 3400 et
2256 3346 2307 3399 si

334 3444 459 3482 eum
488 3425 542 3481 vi
562 3423 989 3495 dejecerim,qui
1020 3442 1051 3479 a
1081 3441 1167 3480 me
1198 3426 1248 3480 vi
1270 3432 1363 3481 aut
1401 3426 1541 3480 clam
1570 3434 1662 3480 aut
1694 3425 1942 3498 precario
1973 3424 2304 3497 possederit,

332 3521 499 3577 cogor
528 3504 578 3559 ei
604 3500 895 3558 restituere
928 3504 1352 3573 possessionem,
1382 3504 1552 3560 veluti
1581 3505 1626 3559 si
1657 3506 1820 3561 armis
1855 3522 1978 3560 eum
2007 3505 2058 3560 vi
2091 3504 2306 3576 dejece-

333 3585 467 3638 rim:
502 3598 632 3637 nam
654 3588 880 3652 propter
906 3582 1246 3637 atrocitatem
1262 3583 1444 3639 delicti
1473 3582 1526 3637 in
1543 3591 1751 3640 tantum
1792 3584 1968 3658 patior
2005 3584 2300 3651 actionem,
