<?xml version="1.0" encoding="UTF-8"?>
<!DOCTYPE html PUBLIC "-//W3C//DTD XHTML 1.0 Transitional//EN"
    "http://www.w3.org/TR/xhtml1/DTD/xhtml1-transitional.dtd">
<html xmlns="http://www.w3.org/1999/xhtml" xml:lang="en" lang="en">
 <head>
  <title>
</title>
<meta http-equiv="Content-Type" content="text/html;charset=utf-8" />
  <meta name='ocr-system' content='tesseract 3.04.00' />
  <meta name='ocr-capabilities' content='ocr_page ocr_carea ocr_par ocr_line ocrx_word'/>
</head>
<body>
  <div class='ocr_page' id='page_1' title='image "./gaiiinstitution00giragoog_0125.png"; bbox 0 0 2548 4051; ppageno 0'>
   <div class='ocr_carea' id='block_1_1' title="bbox 16 3 387 112">
    <p class='ocr_par' dir='ltr' id='par_1_1' title="bbox 16 3 390 112">
     <span class='ocr_line' id='line_1_1' title="bbox 16 3 387 112; baseline 0.005 -71"><span class='ocrx_word' id='word_1_1' title='bbox 16 3 387 112; x_wconf 44' lang='lat' dir='ltr'>{vm-⁷*-</span> 
     </span>
    </p>
   </div>
   <div class='ocr_carea' id='block_1_2' title="bbox 865 288 2257 348">
    <p class='ocr_par' dir='ltr' id='par_1_2' title="bbox 865 288 2257 348">
     <span class='ocr_line' id='line_1_2' title="bbox 865 288 2257 348; baseline -0.001 -7"><span class='ocrx_word' id='word_1_2' title='bbox 865 290 1227 341; x_wconf 76' lang='lat' dir='ltr'>COMMENTAR</span> <span class='ocrx_word' id='word_1_3' title='bbox 1237 288 1332 338; x_wconf 84' lang='lat' dir='ltr'>ms</span> <span class='ocrx_word' id='word_1_4' title='bbox 1368 289 1665 348; x_wconf 83' lang='lat' dir='ltr'><strong>QUARTUS.</strong></span> <span class='ocrx_word' id='word_1_5' title='bbox 2169 293 2257 342; x_wconf 86' lang='lat'>115</span> 
     </span>
    </p>
   </div>
   <div class='ocr_carea' id='block_1_3' title="bbox 239 404 2254 3702">
    <p class='ocr_par' dir='ltr' id='par_1_3' title="bbox 282 404 2249 641">
     <span class='ocr_line' id='line_1_3' title="bbox 287 404 2249 478; baseline 0.004 -19"><span class='ocrx_word' id='word_1_6' title='bbox 287 404 395 460; x_wconf 74' lang='lat' dir='ltr'>hac</span> <span class='ocrx_word' id='word_1_7' title='bbox 426 405 491 462; x_wconf 79' lang='lat' dir='ltr'>in</span> <span class='ocrx_word' id='word_1_8' title='bbox 539 410 815 476; x_wconf 78' lang='lat' dir='ltr'><strong><em>potestate</em></strong></span> <span class='ocrx_word' id='word_1_9' title='bbox 843 409 931 476; x_wconf 71' lang='lat' dir='ltr'>(ea,-</span> <span class='ocrx_word' id='word_1_10' title='bbox 951 406 1122 456; x_wconf 65' lang='lat' dir='ltr'>Instat.</span> <span class='ocrx_word' id='word_1_11' title='bbox 1153 405 1246 456; x_wconf 82' lang='lat' dir='ltr'>loc·</span> <span class='ocrx_word' id='word_1_12' title='bbox 1276 406 1390 478; x_wconf 82' lang='lat' dir='ltr'>cit.)</span> <span class='ocrx_word' id='word_1_13' title='bbox 1430 407 1767 475; x_wconf 82' lang='lat' dir='ltr'>continetur,</span> <span class='ocrx_word' id='word_1_14' title='bbox 1798 416 1857 463; x_wconf 90' lang='lat' dir='ltr'>ut</span> <span class='ocrx_word' id='word_1_15' title='bbox 1913 409 2102 466; x_wconf 84' lang='lat' dir='ltr'>habita</span> <span class='ocrx_word' id='word_1_16' title='bbox 2141 411 2249 466; x_wconf 87' lang='lat' dir='ltr'>&#39;ra-</span> 
     </span>
     <span class='ocr_line' id='line_1_4' title="bbox 282 483 2243 563; baseline 0.004 -25"><span class='ocrx_word' id='word_1_17' title='bbox 282 483 432 539; x_wconf 87' lang='lat' dir='ltr'>tione</span> <span class='ocrx_word' id='word_1_18' title='bbox 493 485 632 557; x_wconf 81' lang='lat' dir='ltr'>ejuS,</span> <span class='ocrx_word' id='word_1_19' title='bbox 683 487 828 560; x_wconf 88' lang='lat' dir='ltr'>quod</span> <span class='ocrx_word' id='word_1_20' title='bbox 865 487 1095 542; x_wconf 84' lang='lat' dir='ltr'>invicem</span> <span class='ocrx_word' id='word_1_21' title='bbox 1136 494 1377 543; x_wconf 87' lang='lat' dir='ltr'>actorem</span> <span class='ocrx_word' id='word_1_22' title='bbox 1418 503 1484 542; x_wconf 90' lang='lat' dir='ltr'>ex</span> <span class='ocrx_word' id='word_1_23' title='bbox 1542 486 1730 542; x_wconf 90' lang='lat' dir='ltr'>eadem</span> <span class='ocrx_word' id='word_1_24' title='bbox 1770 503 1931 544; x_wconf 84' lang='lat' dir='ltr'>causa</span> <span class='ocrx_word' id='word_1_25' title='bbox 1980 497 2243 563; x_wconf 83' lang='lat' dir='ltr'>praestare</span> 
     </span>
     <span class='ocr_line' id='line_1_5' title="bbox 285 566 2245 641; baseline 0.004 -23"><span class='ocrx_word' id='word_1_26' title='bbox 285 571 598 636; x_wconf 79' lang='lat' dir='ltr'>oporteret,</span> <span class='ocrx_word' id='word_1_27' title='bbox 630 566 684 622; x_wconf 92' lang='lat' dir='ltr'>in</span> <span class='ocrx_word' id='word_1_28' title='bbox 708 568 988 641; x_wconf 87' lang='lat' dir='ltr'>reliquum</span> <span class='ocrx_word' id='word_1_29' title='bbox 1021 584 1164 635; x_wconf 88' lang='lat' dir='ltr'>eum,</span> <span class='ocrx_word' id='word_1_30' title='bbox 1199 584 1323 622; x_wconf 90' lang='lat' dir='ltr'>cum</span> <span class='ocrx_word' id='word_1_31' title='bbox 1364 584 1470 639; x_wconf 88' lang='lat' dir='ltr'>quo</span> <span class='ocrx_word' id='word_1_32' title='bbox 1510 576 1690 623; x_wconf 89' lang='lat' dir='ltr'>actum</span> <span class='ocrx_word' id='word_1_33' title='bbox 1720 576 1825 638; x_wconf 85' lang='lat' dir='ltr'>est,</span> <span class='ocrx_word' id='word_1_34' title='bbox 1856 569 2245 626; x_wconf 86' lang='lat' dir='ltr'>condemnare.</span> 
     </span>
    </p>

    <p class='ocr_par' dir='ltr' id='par_1_4' title="bbox 240 645 2254 3541">
     <span class='ocr_line' id='line_1_6' title="bbox 352 645 2246 723; baseline 0.003 -23"><span class='ocrx_word' id='word_1_35' title='bbox 352 648 482 702; x_wconf 62' lang='lat'>82.</span> <span class='ocrx_word' id='word_1_36' title='bbox 517 645 650 703; x_wconf 91' lang='lat' dir='ltr'>Sunt</span> <span class='ocrx_word' id='word_1_37' title='bbox 680 655 861 703; x_wconf 92' lang='lat' dir='ltr'>autem</span> <span class='ocrx_word' id='word_1_38' title='bbox 892 649 1052 704; x_wconf 83' lang='lat' dir='ltr'>honae</span> <span class='ocrx_word' id='word_1_39' title='bbox 1096 647 1225 703; x_wconf 80' lang='lat' dir='ltr'>fidei</span> <span class='ocrx_word' id='word_1_40' title='bbox 1257 647 1466 719; x_wconf 88' lang='lat' dir='ltr'>judicia</span> <span class='ocrx_word' id='word_1_41' title='bbox 1502 648 1620 704; x_wconf 83' lang='lat' dir='ltr'>haec</span> <span class='ocrx_word' id='word_1_42' title='bbox 1651 667 1665 703; x_wconf 90' lang='lat'>:</span> <span class='ocrx_word' id='word_1_43' title='bbox 1691 665 1757 703; x_wconf 84' lang='lat' dir='ltr'>ex</span> <span class='ocrx_word' id='word_1_44' title='bbox 1785 658 1968 723; x_wconf 89' lang='lat' dir='ltr'>empto</span> <span class='ocrx_word' id='word_1_45' title='bbox 1997 650 2246 720; x_wconf 86' lang='lat' dir='ltr'>vendito,</span> 
     </span>
     <span class='ocr_line' id='line_1_7' title="bbox 280 723 2248 804; baseline 0.004 -26"><span class='ocrx_word' id='word_1_46' title='bbox 280 723 452 781; x_wconf 88' lang='lat' dir='ltr'>locato</span> <span class='ocrx_word' id='word_1_47' title='bbox 512 727 813 796; x_wconf 82' lang='lat' dir='ltr'>conducto,</span> <span class='ocrx_word' id='word_1_48' title='bbox 865 728 1212 801; x_wconf 81' lang='lat' dir='ltr'>negotiorum</span> <span class='ocrx_word' id='word_1_49' title='bbox 1268 736 1585 800; x_wconf 84' lang='lat' dir='ltr'>gestorum,</span> <span class='ocrx_word' id='word_1_50' title='bbox 1651 728 1930 797; x_wconf 85' lang='lat' dir='ltr'>mandati,</span> <span class='ocrx_word' id='word_1_51' title='bbox 1986 729 2248 804; x_wconf 83' lang='lat' dir='ltr'><strong>depositi,</strong></span> 
     </span>
     <span class='ocr_line' id='line_1_8' title="bbox 278 804 2250 882; baseline 0.004 -22"><span class='ocrx_word' id='word_1_52' title='bbox 278 804 511 875; x_wconf 67' lang='lat' dir='ltr'>fiduciae,</span> <span class='ocrx_word' id='word_1_53' title='bbox 546 825 646 880; x_wconf 83' lang='lat' dir='ltr'>pro</span> <span class='ocrx_word' id='word_1_54' title='bbox 708 809 876 877; x_wconf 90' lang='lat' dir='ltr'>socio,</span> <span class='ocrx_word' id='word_1_55' title='bbox 913 809 1125 877; x_wconf 81' lang='lat' dir='ltr'>tutelae,</span> <span class='ocrx_word' id='word_1_56' title='bbox 1158 809 1246 865; x_wconf 80' lang='lat' dir='ltr'>rei</span> <span class='ocrx_word' id='word_1_57' title='bbox 1298 810 1546 878; x_wconf 71' lang='lat' dir='ltr'>uxorioe,</span> <span class='ocrx_word' id='word_1_58' title='bbox 1580 811 1948 878; x_wconf 80' lang='lat' dir='ltr'>commodati,</span> <span class='ocrx_word' id='word_1_59' title='bbox 1974 811 2250 882; x_wconf 59' lang='lat' dir='ltr'>pignera-</span> 
     </span>
     <span class='ocr_line' id='line_1_9' title="bbox 282 885 2249 963; baseline 0.003 -21"><span class='ocrx_word' id='word_1_60' title='bbox 282 885 519 956; x_wconf 81' lang='lat' dir='ltr'>ticium,</span> <span class='ocrx_word' id='word_1_61' title='bbox 581 889 825 959; x_wconf 81' lang='lat' dir='ltr'>familioe</span> <span class='ocrx_word' id='word_1_62' title='bbox 879 890 1258 957; x_wconf 77' lang='lat' dir='ltr'>erciscundoe,</span> <span class='ocrx_word' id='word_1_63' title='bbox 1316 891 1607 946; x_wconf 80' lang='lat' dir='ltr'>communi</span> <span class='ocrx_word' id='word_1_64' title='bbox 1664 891 2007 959; x_wconf 74' lang='lat' dir='ltr'>dividundo,</span> <span class='ocrx_word' id='word_1_65' title='bbox 2068 907 2249 963; x_wconf 83' lang='lat' dir='ltr'>proes-</span> 
     </span>
     <span class='ocr_line' id='line_1_10' title="bbox 273 965 2249 1041; baseline 0.003 -21"><span class='ocrx_word' id='word_1_66' title='bbox 273 965 504 1036; x_wconf 80' lang='lat' dir='ltr'>scriptis</span> <span class='ocrx_word' id='word_1_67' title='bbox 534 967 738 1024; x_wconf 77' lang='lat' dir='ltr'>verbis.</span> <span class='ocrx_word' id='word_1_68' title='bbox 816 973 945 1026; x_wconf 72' lang='lat'>83.</span> <span class='ocrx_word' id='word_1_69' title='bbox 990 972 1386 1028; x_wconf 76' lang='lat' dir='ltr'>Veram-tamen</span> <span class='ocrx_word' id='word_1_70' title='bbox 1424 969 1596 1041; x_wconf 85' lang='lat' dir='ltr'>judici</span> <span class='ocrx_word' id='word_1_71' title='bbox 1631 970 1836 1025; x_wconf 89' lang='lat' dir='ltr'>nullam</span> <span class='ocrx_word' id='word_1_72' title='bbox 1863 972 2079 1025; x_wconf 91' lang='lat' dir='ltr'>omnino</span> <span class='ocrx_word' id='word_1_73' title='bbox 2108 970 2249 1026; x_wconf 87' lang='lat' dir='ltr'>invi-</span> 
     </span>
     <span class='ocr_line' id='line_1_11' title="bbox 277 1048 2244 1122; baseline 0.005 -23"><span class='ocrx_word' id='word_1_74' title='bbox 277 1061 394 1100; x_wconf 88' lang='lat' dir='ltr'>cem</span> <span class='ocrx_word' id='word_1_75' title='bbox 426 1048 876 1120; x_wconf 82' lang='lat' dir='ltr'>compensationis</span> <span class='ocrx_word' id='word_1_76' title='bbox 907 1050 1174 1105; x_wconf 89' lang='lat' dir='ltr'>rationem</span> <span class='ocrx_word' id='word_1_77' title='bbox 1221 1049 1446 1116; x_wconf 87' lang='lat' dir='ltr'>habere,</span> <span class='ocrx_word' id='word_1_78' title='bbox 1483 1052 1655 1107; x_wconf 76' lang='lat' dir='ltr'>nulla</span> <span class='ocrx_word' id='word_1_79' title='bbox 1685 1053 1749 1107; x_wconf 74' lang='lat' dir='ltr'>in</span> <span class='ocrx_word' id='word_1_80' title='bbox 1774 1056 1954 1122; x_wconf 78' lang='lat' dir='ltr'>parte</span> <span class='ocrx_word' id='word_1_81' title='bbox 1998 1050 2244 1108; x_wconf 83' lang='lat' dir='ltr'>formulae</span> 
     </span>
     <span class='ocr_line' id='line_1_12' title="bbox 278 1126 2244 1203; baseline 0.003 -23"><span class='ocrx_word' id='word_1_82' title='bbox 278 1126 460 1182; x_wconf 86' lang='lat' dir='ltr'>verbis</span> <span class='ocrx_word' id='word_1_83' title='bbox 493 1129 837 1202; x_wconf 60' lang='lat' dir='ltr'>praecipitum</span> <span class='ocrx_word' id='word_1_84' title='bbox 874 1130 971 1186; x_wconf 89' lang='lat' dir='ltr'>sed</span> <span class='ocrx_word' id='word_1_85' title='bbox 1015 1130 1140 1202; x_wconf 87' lang='lat' dir='ltr'>quia</span> <span class='ocrx_word' id='word_1_86' title='bbox 1197 1130 1250 1185; x_wconf 90' lang='lat' dir='ltr'>id</span> <span class='ocrx_word' id='word_1_87' title='bbox 1298 1128 1455 1184; x_wconf 83' lang='lat' dir='ltr'>bonae</span> <span class='ocrx_word' id='word_1_88' title='bbox 1500 1131 1625 1186; x_wconf 89' lang='lat' dir='ltr'>fidei</span> <span class='ocrx_word' id='word_1_89' title='bbox 1660 1130 1864 1203; x_wconf 86' lang='lat' dir='ltr'>judicio</span> <span class='ocrx_word' id='word_1_90' title='bbox 1913 1131 2244 1187; x_wconf 87' lang='lat' dir='ltr'>conveniens</span> 
     </span>
     <span class='ocr_line' id='line_1_13' title="bbox 259 1206 2245 1284; baseline 0.004 -24"><span class='ocrx_word' id='word_1_91' title='bbox 259 1206 514 1276; x_wconf 83' lang='lat' dir='ltr'>-videtur,</span> <span class='ocrx_word' id='word_1_92' title='bbox 552 1207 670 1265; x_wconf 81' lang='lat' dir='ltr'>ideo</span> <span class='ocrx_word' id='word_1_93' title='bbox 701 1210 876 1266; x_wconf 83' lang='lat' dir='ltr'>officio</span> <span class='ocrx_word' id='word_1_94' title='bbox 918 1212 1032 1284; x_wconf 85' lang='lat' dir='ltr'>ejus</span> <span class='ocrx_word' id='word_1_95' title='bbox 1071 1209 1335 1267; x_wconf 79' lang='lat' dir='ltr'>contineri</span> <span class='ocrx_word' id='word_1_96' title='bbox 1385 1210 1644 1265; x_wconf 88' lang='lat' dir='ltr'>creditur.</span> <span class='ocrx_word' id='word_1_97' title='bbox 1723 1215 1854 1267; x_wconf 72' lang='lat'>84.</span> <span class='ocrx_word' id='word_1_98' title='bbox 1904 1211 2023 1266; x_wconf 88' lang='lat' dir='ltr'>Alia</span> <span class='ocrx_word' id='word_1_99' title='bbox 2081 1228 2245 1267; x_wconf 84' lang='lat' dir='ltr'>causa</span> 
     </span>
     <span class='ocr_line' id='line_1_14' title="bbox 276 1286 2245 1365; baseline 0.003 -24"><span class='ocrx_word' id='word_1_100' title='bbox 276 1295 361 1342; x_wconf 88' lang='lat' dir='ltr'>est</span> <span class='ocrx_word' id='word_1_101' title='bbox 403 1286 550 1344; x_wconf 83' lang='lat' dir='ltr'>illius</span> <span class='ocrx_word' id='word_1_102' title='bbox 598 1290 825 1346; x_wconf 88' lang='lat' dir='ltr'>actionis</span> <span class='ocrx_word' id='word_1_103' title='bbox 877 1309 985 1365; x_wconf 88' lang='lat' dir='ltr'>qua</span> <span class='ocrx_word' id='word_1_104' title='bbox 1037 1289 1386 1364; x_wconf 85' lang='lat' dir='ltr'>argentarius</span> <span class='ocrx_word' id='word_1_105' title='bbox 1428 1290 1706 1363; x_wconf 83' lang='lat' dir='ltr'>experitur</span> <span class='ocrx_word' id='word_1_106' title='bbox 1740 1310 1751 1346; x_wconf 91' lang='lat'>:</span> <span class='ocrx_word' id='word_1_107' title='bbox 1790 1308 1915 1346; x_wconf 85' lang='lat' dir='ltr'>nam</span> <span class='ocrx_word' id='word_1_108' title='bbox 1944 1290 1990 1345; x_wconf 90' lang='lat' dir='ltr'>is</span> <span class='ocrx_word' id='word_1_109' title='bbox 2028 1291 2245 1362; x_wconf 84' lang='lat' dir='ltr'>cogitur</span> 
     </span>
     <span class='ocr_line' id='line_1_15' title="bbox 273 1371 2242 1444; baseline 0.003 -23"><span class='ocrx_word' id='word_1_110' title='bbox 273 1383 393 1422; x_wconf 88' lang='lat' dir='ltr'>cum</span> <span class='ocrx_word' id='word_1_111' title='bbox 427 1371 867 1443; x_wconf 79' lang='lat' dir='ltr'><strong>compensatione</strong></span> <span class='ocrx_word' id='word_1_112' title='bbox 906 1389 1102 1444; x_wconf 79' lang='lat' dir='ltr'>agere,</span> <span class='ocrx_word' id='word_1_113' title='bbox 1135 1379 1188 1426; x_wconf 89' lang='lat' dir='ltr'>et</span> <span class='ocrx_word' id='word_1_114' title='bbox 1228 1387 1294 1426; x_wconf 89' lang='lat' dir='ltr'>ea</span> <span class='ocrx_word' id='word_1_115' title='bbox 1332 1371 1705 1443; x_wconf 85' lang='lat' dir='ltr'>compensatio</span> <span class='ocrx_word' id='word_1_116' title='bbox 1757 1371 1940 1427; x_wconf 85' lang='lat' dir='ltr'>verbis</span> <span class='ocrx_word' id='word_1_117' title='bbox 1994 1371 2242 1427; x_wconf 76' lang='lat' dir='ltr'>formulae</span> 
     </span>
     <span class='ocr_line' id='line_1_16' title="bbox 272 1448 2241 1526; baseline 0.003 -26"><span class='ocrx_word' id='word_1_118' title='bbox 272 1448 627 1520; x_wconf 83' lang='lat' dir='ltr'>exprimitur3</span> <span class='ocrx_word' id='word_1_119' title='bbox 690 1451 824 1506; x_wconf 86' lang='lat' dir='ltr'>adeo</span> <span class='ocrx_word' id='word_1_120' title='bbox 878 1452 1118 1526; x_wconf 88' lang='lat' dir='ltr'>quidem,</span> <span class='ocrx_word' id='word_1_121' title='bbox 1171 1455 1235 1507; x_wconf 89' lang='lat' dir='ltr'>ut</span> <span class='ocrx_word' id='word_1_122' title='bbox 1278 1450 1346 1506; x_wconf 88' lang='lat' dir='ltr'>ab</span> <span class='ocrx_word' id='word_1_123' title='bbox 1396 1450 1550 1506; x_wconf 89' lang='lat' dir='ltr'>initio</span> <span class='ocrx_word' id='word_1_124' title='bbox 1600 1451 2039 1524; x_wconf 83' lang='lat' dir='ltr'>compensatione</span> <span class='ocrx_word' id='word_1_125' title='bbox 2096 1450 2241 1506; x_wconf 81' lang='lat' dir='ltr'>facta</span> 
     </span>
     <span class='ocr_line' id='line_1_17' title="bbox 268 1528 2254 1606; baseline 0.003 -25"><span class='ocrx_word' id='word_1_126' title='bbox 268 1528 446 1585; x_wconf 89' lang='lat' dir='ltr'>minus</span> <span class='ocrx_word' id='word_1_127' title='bbox 481 1530 730 1587; x_wconf 87' lang='lat' dir='ltr'>intendat</span> <span class='ocrx_word' id='word_1_128' title='bbox 769 1532 875 1588; x_wconf 86' lang='lat' dir='ltr'>sibi</span> <span class='ocrx_word' id='word_1_129' title='bbox 899 1532 1021 1588; x_wconf 79' lang='lat' dir='ltr'>dari</span> <span class='ocrx_word' id='word_1_130' title='bbox 1040 1540 1306 1606; x_wconf 45' lang='lat' dir='ltr'>*oportere</span> <span class='ocrx_word' id='word_1_131' title='bbox 1340 1549 1352 1586; x_wconf 92' lang='lat'><strong>:</strong></span> <span class='ocrx_word' id='word_1_132' title='bbox 1388 1547 1513 1587; x_wconf 86' lang='lat' dir='ltr'>ecce</span> <span class='ocrx_word' id='word_1_133' title='bbox 1553 1531 1691 1586; x_wconf 87' lang='lat' dir='ltr'>enim</span> <span class='ocrx_word' id='word_1_134' title='bbox 1753 1531 1798 1587; x_wconf 88' lang='lat' dir='ltr'>si</span> <span class='ocrx_word' id='word_1_135' title='bbox 1841 1532 2169 1588; x_wconf 78' lang='lat' dir='ltr'>sestertium</span> <span class='ocrx_word' id='word_1_136' title='bbox 2201 1531 2254 1587; x_wconf 81' lang='lat' dir='ltr'>X·</span> 
     </span>
     <span class='ocr_line' id='line_1_18' title="bbox 266 1608 2241 1686; baseline 0.002 -24"><span class='ocrx_word' id='word_1_137' title='bbox 266 1608 437 1666; x_wconf 82' lang='lat' dir='ltr'>millia</span> <span class='ocrx_word' id='word_1_138' title='bbox 467 1610 662 1668; x_wconf 85' lang='lat' dir='ltr'>debeat</span> <span class='ocrx_word' id='word_1_139' title='bbox 693 1612 856 1682; x_wconf 88' lang='lat' dir='ltr'>Titio,</span> <span class='ocrx_word' id='word_1_140' title='bbox 893 1613 1134 1686; x_wconf 79' lang='lat' dir='ltr'>atque‘ei</span> <span class='ocrx_word' id='word_1_141' title='bbox 1161 1613 1248 1669; x_wconf 88' lang='lat' dir='ltr'>XX</span> <span class='ocrx_word' id='word_1_142' title='bbox 1282 1611 1599 1680; x_wconf 79' lang='lat' dir='ltr'>debeantur,</span> <span class='ocrx_word' id='word_1_143' title='bbox 1627 1613 1711 1668; x_wconf 88' lang='lat' dir='ltr'>sic</span> <span class='ocrx_word' id='word_1_144' title='bbox 1748 1611 2022 1668; x_wconf 83' lang='lat' dir='ltr'>intendit:</span> <span class='ocrx_word' id='word_1_145' title='bbox 2068 1626 2113 1667; x_wconf 78' lang='lat' dir='ltr'>sl</span> <span class='ocrx_word' id='word_1_146' title='bbox 2142 1625 2241 1666; x_wconf 84' lang='lat' dir='ltr'>PA-</span> 
     </span>
     <span class='ocr_line' id='line_1_19' title="bbox 263 1694 2232 1756; baseline 0.001 -11"><span class='ocrx_word' id='word_1_147' title='bbox 263 1704 368 1746; x_wconf 68' lang='lat' dir='ltr'>RET</span> <span class='ocrx_word' id='word_1_148' title='bbox 389 1705 608 1749; x_wconf 71' lang='lat' dir='ltr'>&#39;rrrmms</span> <span class='ocrx_word' id='word_1_149' title='bbox 628 1707 733 1748; x_wconf 75' lang='lat'>5131</span> <span class='ocrx_word' id='word_1_150' title='bbox 753 1694 796 1748; x_wconf 83' lang='lat' dir='ltr'>X</span> <span class='ocrx_word' id='word_1_151' title='bbox 823 1708 1008 1749; x_wconf 76' lang='lat' dir='ltr'><strong>MILLIA</strong></span> <span class='ocrx_word' id='word_1_152' title='bbox 1034 1707 1179 1749; x_wconf 76' lang='lat' dir='ltr'><strong>DARE</strong></span> <span class='ocrx_word' id='word_1_153' title='bbox 1197 1707 1483 1750; x_wconf 71' lang='lat' dir='ltr'>OPORTERE</span> <span class='ocrx_word' id='word_1_154' title='bbox 1504 1707 1739 1749; x_wconf 80' lang='lat' dir='ltr'><strong>AMPLIUS</strong></span> <span class='ocrx_word' id='word_1_155' title='bbox 1755 1706 1901 1756; x_wconf 75' lang='lat' dir='ltr'><strong>QUAM</strong></span> <span class='ocrx_word' id='word_1_156' title='bbox 1933 1703 2059 1750; x_wconf 77' lang='lat' dir='ltr'>1PSE</span> <span class='ocrx_word' id='word_1_157' title='bbox 2092 1705 2232 1748; x_wconf 75' lang='lat' dir='ltr'>&#39;rlrlo</span> 
     </span>
     <span class='ocr_line' id='line_1_20' title="bbox 262 1773 2229 1847; baseline -0.001 -19"><span class='ocrx_word' id='word_1_158' title='bbox 262 1783 458 1828; x_wconf 79' lang='lat' dir='ltr'><strong>DEBET.</strong></span> <span class='ocrx_word' id='word_1_159' title='bbox 537 1777 670 1829; x_wconf 70' lang='lat'>85.</span> <span class='ocrx_word' id='word_1_160' title='bbox 704 1774 835 1830; x_wconf 90' lang='lat' dir='ltr'>Item</span> <span class='ocrx_word' id='word_1_161' title='bbox 867 1775 1130 1830; x_wconf 82' lang='lat' dir='ltr'>bonorum</span> <span class='ocrx_word' id='word_1_162' title='bbox 1160 1781 1375 1847; x_wconf 82' lang='lat' dir='ltr'>emptor</span> <span class='ocrx_word' id='word_1_163' title='bbox 1403 1791 1525 1829; x_wconf 89' lang='lat' dir='ltr'>cum</span> <span class='ocrx_word' id='word_1_164' title='bbox 1550 1773 1876 1830; x_wconf 89' lang='lat' dir='ltr'>deductione</span> <span class='ocrx_word' id='word_1_165' title='bbox 1907 1789 2069 1845; x_wconf 86' lang='lat' dir='ltr'>agere</span> <span class='ocrx_word' id='word_1_166' title='bbox 2095 1773 2229 1844; x_wconf 89' lang='lat' dir='ltr'>jube</span> 
     </span>
     <span class='ocr_line' id='line_1_21' title="bbox 265 1852 2231 1925; baseline -0.001 -15"><span class='ocrx_word' id='word_1_167' title='bbox 265 1856 381 1919; x_wconf 86' lang='lat' dir='ltr'>tur,</span> <span class='ocrx_word' id='word_1_168' title='bbox 404 1854 467 1909; x_wconf 82' lang='lat' dir='ltr'>id</span> <span class='ocrx_word' id='word_1_169' title='bbox 494 1857 666 1912; x_wconf 75' lang='lat' dir='ltr'>estut</span> <span class='ocrx_word' id='word_1_170' title='bbox 695 1855 753 1909; x_wconf 93' lang='lat' dir='ltr'>in</span> <span class='ocrx_word' id='word_1_171' title='bbox 791 1855 894 1910; x_wconf 88' lang='lat' dir='ltr'>hoc</span> <span class='ocrx_word' id='word_1_172' title='bbox 925 1854 1101 1910; x_wconf 89' lang='lat' dir='ltr'>solum</span> <span class='ocrx_word' id='word_1_173' title='bbox 1135 1853 1489 1909; x_wconf 87' lang='lat' dir='ltr'>adversarius</span> <span class='ocrx_word' id='word_1_174' title='bbox 1516 1854 1635 1925; x_wconf 85' lang='lat' dir='ltr'>ejus</span> <span class='ocrx_word' id='word_1_175' title='bbox 1667 1852 2056 1909; x_wconf 85' lang='lat' dir='ltr'>condemnetur</span> <span class='ocrx_word' id='word_1_176' title='bbox 2084 1852 2231 1925; x_wconf 91' lang='lat' dir='ltr'>quod</span> 
     </span>
     <span class='ocr_line' id='line_1_22' title="bbox 264 1931 2224 2008; baseline -0.002 -20"><span class='ocrx_word' id='word_1_177' title='bbox 264 1942 514 2006; x_wconf 84' lang='lat' dir='ltr'>superest</span> <span class='ocrx_word' id='word_1_178' title='bbox 539 1934 773 1990; x_wconf 82' lang='lat' dir='ltr'>deducto</span> <span class='ocrx_word' id='word_1_179' title='bbox 796 1952 880 2004; x_wconf 90' lang='lat' dir='ltr'>eo,</span> <span class='ocrx_word' id='word_1_180' title='bbox 919 1935 1058 2008; x_wconf 90' lang='lat' dir='ltr'>quod</span> <span class='ocrx_word' id='word_1_181' title='bbox 1097 1933 1330 1991; x_wconf 80' lang='lat' dir='ltr'>invicem</span> <span class='ocrx_word' id='word_1_182' title='bbox 1353 1933 1404 1988; x_wconf 90' lang='lat' dir='ltr'>ei</span> <span class='ocrx_word' id='word_1_183' title='bbox 1442 1933 1713 1988; x_wconf 85' lang='lat' dir='ltr'>bonorum</span> <span class='ocrx_word' id='word_1_184' title='bbox 1757 1940 1971 2006; x_wconf 87' lang='lat' dir='ltr'>emptor</span> <span class='ocrx_word' id='word_1_185' title='bbox 2000 1931 2224 1987; x_wconf 87' lang='lat' dir='ltr'>defrau-</span> 
     </span>
     <span class='ocr_line' id='line_1_23' title="bbox 261 2013 2231 2088; baseline -0.002 -19"><span class='ocrx_word' id='word_1_186' title='bbox 261 2014 462 2070; x_wconf 89' lang='lat' dir='ltr'>datoris</span> <span class='ocrx_word' id='word_1_187' title='bbox 492 2015 704 2072; x_wconf 83' lang='lat' dir='ltr'>nomine</span> <span class='ocrx_word' id='word_1_188' title='bbox 735 2016 918 2073; x_wconf 91' lang='lat' dir='ltr'>debet.</span> <span class='ocrx_word' id='word_1_189' title='bbox 996 2020 1126 2073; x_wconf 72' lang='grc'>66.</span> <span class='ocrx_word' id='word_1_190' title='bbox 1153 2014 1300 2071; x_wconf 86' lang='lat' dir='ltr'>Inter</span> <span class='ocrx_word' id='word_1_191' title='bbox 1336 2013 1835 2088; x_wconf 87' lang='lat' dir='ltr'>compensationem</span> <span class='ocrx_word' id='word_1_192' title='bbox 1880 2020 2085 2079; x_wconf 87' lang='lat' dir='ltr'>autem,</span> <span class='ocrx_word' id='word_1_193' title='bbox 2112 2028 2231 2083; x_wconf 81' lang='lat' dir='ltr'>quae</span> 
     </span>
     <span class='ocr_line' id='line_1_24' title="bbox 265 2093 2231 2170; baseline -0.002 -20"><span class='ocrx_word' id='word_1_194' title='bbox 265 2096 572 2167; x_wconf 84' lang='lat' dir='ltr'>argentario</span> <span class='ocrx_word' id='word_1_195' title='bbox 613 2098 939 2170; x_wconf 89' lang='lat' dir='ltr'>opponitur,</span> <span class='ocrx_word' id='word_1_196' title='bbox 974 2107 1024 2153; x_wconf 80' lang='lat' dir='ltr'>et</span> <span class='ocrx_word' id='word_1_197' title='bbox 1068 2096 1468 2165; x_wconf 85' lang='lat' dir='ltr'>deductionem,</span> <span class='ocrx_word' id='word_1_198' title='bbox 1500 2111 1624 2169; x_wconf 85' lang='lat' dir='ltr'>quae</span> <span class='ocrx_word' id='word_1_199' title='bbox 1674 2094 1926 2166; x_wconf 82' lang='lat' dir='ltr'>objicitur</span> <span class='ocrx_word' id='word_1_200' title='bbox 1964 2093 2231 2148; x_wconf 92' lang='lat' dir='ltr'>bonorum</span> 
     </span>
     <span class='ocr_line' id='line_1_25' title="bbox 265 2170 2228 2250; baseline -0.002 -20"><span class='ocrx_word' id='word_1_201' title='bbox 265 2176 630 2249; x_wconf 81' lang='lat' dir='ltr'>emptori,illa</span> <span class='ocrx_word' id='word_1_202' title='bbox 649 2177 956 2232; x_wconf 80' lang='lat' dir='ltr'>differentia</span> <span class='ocrx_word' id='word_1_203' title='bbox 982 2186 1084 2246; x_wconf 84' lang='lat' dir='ltr'>est,</span> <span class='ocrx_word' id='word_1_204' title='bbox 1120 2177 1266 2250; x_wconf 91' lang='lat' dir='ltr'>quod</span> <span class='ocrx_word' id='word_1_205' title='bbox 1286 2177 1343 2232; x_wconf 82' lang='lat' dir='ltr'>iu</span> <span class='ocrx_word' id='word_1_206' title='bbox 1374 2175 1874 2249; x_wconf 80' lang='lat' dir='ltr'>compensationem</span> <span class='ocrx_word' id='word_1_207' title='bbox 1904 2174 2007 2229; x_wconf 91' lang='lat' dir='ltr'>hoc</span> <span class='ocrx_word' id='word_1_208' title='bbox 2050 2170 2228 2227; x_wconf 88' lang='lat' dir='ltr'>solum</span> 
     </span>
     <span class='ocr_line' id='line_1_26' title="bbox 262 2251 2228 2333; baseline -0.001 -23"><span class='ocrx_word' id='word_1_209' title='bbox 262 2264 505 2323; x_wconf 84' lang='lat' dir='ltr'>vocatur,</span> <span class='ocrx_word' id='word_1_210' title='bbox 537 2258 680 2329; x_wconf 90' lang='lat' dir='ltr'>quod</span> <span class='ocrx_word' id='word_1_211' title='bbox 735 2258 978 2330; x_wconf 79' lang='lat' dir='ltr'>ejusdem</span> <span class='ocrx_word' id='word_1_212' title='bbox 1017 2258 1237 2333; x_wconf 22' lang='lat' dir='ltr'>generi-s</span> <span class='ocrx_word' id='word_1_213' title='bbox 1278 2265 1332 2318; x_wconf 88' lang='lat' dir='ltr'>et</span> <span class='ocrx_word' id='word_1_214' title='bbox 1372 2264 1583 2312; x_wconf 79' lang='lat' dir='ltr'>naturae</span> <span class='ocrx_word' id='word_1_215' title='bbox 1629 2264 1741 2323; x_wconf 84' lang='lat' dir='ltr'>est,</span> <span class='ocrx_word' id='word_1_216' title='bbox 1792 2254 1956 2310; x_wconf 87' lang='lat' dir='ltr'>veluti</span> <span class='ocrx_word' id='word_1_217' title='bbox 1997 2251 2228 2325; x_wconf 85' lang='lat' dir='ltr'>pecunia</span> 
     </span>
     <span class='ocr_line' id='line_1_27' title="bbox 257 2332 2224 2411; baseline -0.001 -21"><span class='ocrx_word' id='word_1_218' title='bbox 257 2352 381 2391; x_wconf 89' lang='lat' dir='ltr'>cum</span> <span class='ocrx_word' id='word_1_219' title='bbox 400 2337 627 2409; x_wconf 88' lang='lat' dir='ltr'>pecunia</span> <span class='ocrx_word' id='word_1_220' title='bbox 652 2346 1059 2411; x_wconf 84' lang='lat' dir='ltr'>compensatur,</span> <span class='ocrx_word' id='word_1_221' title='bbox 1083 2337 1468 2394; x_wconf 82' lang='lat' dir='ltr'>triticumcum</span> <span class='ocrx_word' id='word_1_222' title='bbox 1502 2337 1697 2405; x_wconf 86' lang='lat' dir='ltr'>tritico,</span> <span class='ocrx_word' id='word_1_223' title='bbox 1726 2335 1911 2392; x_wconf 87' lang='lat' dir='ltr'>vinum</span> <span class='ocrx_word' id='word_1_224' title='bbox 1927 2350 2050 2389; x_wconf 91' lang='lat' dir='ltr'>cum</span> <span class='ocrx_word' id='word_1_225' title='bbox 2073 2332 2224 2403; x_wconf 90' lang='lat' dir='ltr'>vino;</span> 
     </span>
     <span class='ocr_line' id='line_1_28' title="bbox 256 2413 2225 2493; baseline -0.002 -22"><span class='ocrx_word' id='word_1_226' title='bbox 256 2416 392 2472; x_wconf 88' lang='lat' dir='ltr'>adeo</span> <span class='ocrx_word' id='word_1_227' title='bbox 461 2426 520 2473; x_wconf 91' lang='lat' dir='ltr'>ut</span> <span class='ocrx_word' id='word_1_228' title='bbox 549 2418 876 2491; x_wconf 83' lang='lat' dir='ltr'>quibusdam</span> <span class='ocrx_word' id='word_1_229' title='bbox 906 2420 1125 2493; x_wconf 82' lang='lat' dir='ltr'>placeat</span> <span class='ocrx_word' id='word_1_230' title='bbox 1155 2436 1268 2474; x_wconf 80' lang='lat' dir='ltr'>non</span> <span class='ocrx_word' id='word_1_231' title='bbox 1330 2418 1476 2474; x_wconf 90' lang='lat' dir='ltr'>omni</span> <span class='ocrx_word' id='word_1_232' title='bbox 1506 2418 1667 2474; x_wconf 90' lang='lat' dir='ltr'>modo</span> <span class='ocrx_word' id='word_1_233' title='bbox 1697 2417 1884 2472; x_wconf 86' lang='lat' dir='ltr'>vinum</span> <span class='ocrx_word' id='word_1_234' title='bbox 1930 2432 2053 2471; x_wconf 90' lang='lat' dir='ltr'>cum</span> <span class='ocrx_word' id='word_1_235' title='bbox 2102 2413 2225 2469; x_wconf 90' lang='lat' dir='ltr'>vino</span> 
     </span>
     <span class='ocr_line' id='line_1_29' title="bbox 255 2496 2225 2572; baseline -0.002 -20"><span class='ocrx_word' id='word_1_236' title='bbox 255 2504 352 2552; x_wconf 89' lang='lat' dir='ltr'>aut</span> <span class='ocrx_word' id='word_1_237' title='bbox 387 2497 628 2554; x_wconf 86' lang='lat' dir='ltr'>triticum</span> <span class='ocrx_word' id='word_1_238' title='bbox 670 2516 794 2555; x_wconf 90' lang='lat' dir='ltr'>cum</span> <span class='ocrx_word' id='word_1_239' title='bbox 826 2500 1007 2556; x_wconf 88' lang='lat' dir='ltr'>tritico</span> <span class='ocrx_word' id='word_1_240' title='bbox 1039 2498 1504 2572; x_wconf 86' lang='lat' dir='ltr'>conpensandum,</span> <span class='ocrx_word' id='word_1_241' title='bbox 1539 2497 1637 2554; x_wconf 90' lang='lat' dir='ltr'>sed</span> <span class='ocrx_word' id='word_1_242' title='bbox 1669 2498 1744 2554; x_wconf 88' lang='lat' dir='ltr'>ita</span> <span class='ocrx_word' id='word_1_243' title='bbox 1774 2497 1820 2552; x_wconf 91' lang='lat' dir='ltr'>si</span> <span class='ocrx_word' id='word_1_244' title='bbox 1859 2496 2102 2567; x_wconf 86' lang='lat' dir='ltr'>ejusdem</span> <span class='ocrx_word' id='word_1_245' title='bbox 2127 2511 2225 2549; x_wconf 89' lang='lat' dir='ltr'>na-</span> 
     </span>
     <span class='ocr_line' id='line_1_30' title="bbox 247 2573 2220 2652; baseline -0.002 -20"><span class='ocrx_word' id='word_1_246' title='bbox 247 2584 387 2633; x_wconf 76' lang='lat' dir='ltr'>turae</span> <span class='ocrx_word' id='word_1_247' title='bbox 413 2580 800 2652; x_wconf 83' lang='lat' dir='ltr'>qualitatisque</span> <span class='ocrx_word' id='word_1_248' title='bbox 838 2581 943 2649; x_wconf 82' lang='lat' dir='ltr'>sit3</span> <span class='ocrx_word' id='word_1_249' title='bbox 978 2580 1036 2635; x_wconf 92' lang='lat' dir='ltr'>in</span> <span class='ocrx_word' id='word_1_250' title='bbox 1075 2580 1465 2635; x_wconf 88' lang='lat' dir='ltr'>deductionem</span> <span class='ocrx_word' id='word_1_251' title='bbox 1508 2586 1691 2634; x_wconf 91' lang='lat' dir='ltr'>autem</span> <span class='ocrx_word' id='word_1_252' title='bbox 1731 2584 1955 2632; x_wconf 86' lang='lat' dir='ltr'>vocatur</span> <span class='ocrx_word' id='word_1_253' title='bbox 1984 2582 2037 2630; x_wconf 91' lang='lat' dir='ltr'>et</span> <span class='ocrx_word' id='word_1_254' title='bbox 2074 2573 2220 2647; x_wconf 87' lang='lat' dir='ltr'>quod</span> 
     </span>
     <span class='ocr_line' id='line_1_31' title="bbox 249 2657 2220 2738; baseline -0.002 -24"><span class='ocrx_word' id='word_1_255' title='bbox 249 2676 355 2715; x_wconf 93' lang='lat' dir='ltr'>non</span> <span class='ocrx_word' id='word_1_256' title='bbox 386 2668 469 2715; x_wconf 90' lang='lat' dir='ltr'>est</span> <span class='ocrx_word' id='word_1_257' title='bbox 495 2660 738 2731; x_wconf 87' lang='lat' dir='ltr'>ejusdem</span> <span class='ocrx_word' id='word_1_258' title='bbox 769 2661 1014 2734; x_wconf 88' lang='lat' dir='ltr'>generis;</span> <span class='ocrx_word' id='word_1_259' title='bbox 1043 2660 1228 2733; x_wconf 85' lang='lat' dir='ltr'>itaque</span> <span class='ocrx_word' id='word_1_260' title='bbox 1259 2660 1305 2716; x_wconf 91' lang='lat' dir='ltr'>si</span> <span class='ocrx_word' id='word_1_261' title='bbox 1331 2658 1617 2738; x_wconf 84' lang='lat' dir='ltr'>pecuniam</span> <span class='ocrx_word' id='word_1_262' title='bbox 1640 2666 1794 2731; x_wconf 89' lang='lat' dir='ltr'>petat</span> <span class='ocrx_word' id='word_1_263' title='bbox 1825 2657 2093 2712; x_wconf 85' lang='lat' dir='ltr'>bonorum</span> <span class='ocrx_word' id='word_1_264' title='bbox 2111 2671 2220 2710; x_wconf 91' lang='lat' dir='ltr'>em·</span> 
     </span>
     <span class='ocr_line' id='line_1_32' title="bbox 247 2737 2219 2812; baseline -0.002 -18"><span class='ocrx_word' id='word_1_265' title='bbox 247 2747 387 2812; x_wconf 90' lang='lat' dir='ltr'>ptor,</span> <span class='ocrx_word' id='word_1_266' title='bbox 422 2748 477 2795; x_wconf 92' lang='lat' dir='ltr'>et</span> <span class='ocrx_word' id='word_1_267' title='bbox 518 2740 742 2797; x_wconf 87' lang='lat' dir='ltr'>invicem</span> <span class='ocrx_word' id='word_1_268' title='bbox 774 2759 902 2797; x_wconf 80' lang='lat' dir='ltr'>vero</span> <span class='ocrx_word' id='word_1_269' title='bbox 949 2742 1286 2797; x_wconf 88' lang='lat' dir='ltr'>frumentum</span> <span class='ocrx_word' id='word_1_270' title='bbox 1309 2748 1403 2797; x_wconf 87' lang='lat' dir='ltr'>aut</span> <span class='ocrx_word' id='word_1_271' title='bbox 1445 2739 1629 2797; x_wconf 84' lang='lat' dir='ltr'>vinum</span> <span class='ocrx_word' id='word_1_272' title='bbox 1649 2740 1697 2795; x_wconf 92' lang='lat' dir='ltr'>is</span> <span class='ocrx_word' id='word_1_273' title='bbox 1728 2738 1941 2806; x_wconf 89' lang='lat' dir='ltr'>debeat,</span> <span class='ocrx_word' id='word_1_274' title='bbox 1986 2737 2219 2793; x_wconf 84' lang='lat' dir='ltr'>deducto</span> 
     </span>
     <span class='ocr_line' id='line_1_33' title="bbox 247 2817 2217 2896; baseline -0.002 -21"><span class='ocrx_word' id='word_1_275' title='bbox 247 2818 433 2893; x_wconf 82' lang='lat' dir='ltr'>quanti</span> <span class='ocrx_word' id='word_1_276' title='bbox 458 2820 512 2874; x_wconf 90' lang='lat' dir='ltr'>id</span> <span class='ocrx_word' id='word_1_277' title='bbox 537 2820 656 2888; x_wconf 90' lang='lat' dir='ltr'>erit,</span> <span class='ocrx_word' id='word_1_278' title='bbox 689 2820 743 2875; x_wconf 90' lang='lat' dir='ltr'>in</span> <span class='ocrx_word' id='word_1_279' title='bbox 774 2822 1043 2894; x_wconf 82' lang='lat' dir='ltr'>reliquum</span> <span class='ocrx_word' id='word_1_280' title='bbox 1076 2824 1377 2896; x_wconf 87' lang='lat' dir='ltr'>experitur.</span> <span class='ocrx_word' id='word_1_281' title='bbox 1456 2826 1587 2878; x_wconf 62' lang='lat'>82.</span> <span class='ocrx_word' id='word_1_282' title='bbox 1622 2821 1761 2877; x_wconf 89' lang='lat' dir='ltr'>Item</span> <span class='ocrx_word' id='word_1_283' title='bbox 1793 2826 2016 2875; x_wconf 84' lang='lat' dir='ltr'>vocatur</span> <span class='ocrx_word' id='word_1_284' title='bbox 2043 2817 2099 2872; x_wconf 91' lang='lat' dir='ltr'>in</span> <span class='ocrx_word' id='word_1_285' title='bbox 2125 2817 2217 2871; x_wconf 87' lang='lat' dir='ltr'>do-</span> 
     </span>
     <span class='ocr_line' id='line_1_34' title="bbox 247 2896 2219 2977; baseline -0.002 -22"><span class='ocrx_word' id='word_1_286' title='bbox 247 2900 560 2957; x_wconf 83' lang='lat' dir='ltr'>ductionem</span> <span class='ocrx_word' id='word_1_287' title='bbox 587 2909 644 2957; x_wconf 88' lang='lat' dir='ltr'>et</span> <span class='ocrx_word' id='word_1_288' title='bbox 664 2901 719 2956; x_wconf 90' lang='lat' dir='ltr'>id</span> <span class='ocrx_word' id='word_1_289' title='bbox 753 2903 896 2974; x_wconf 84' lang='lat' dir='ltr'>quod</span> <span class='ocrx_word' id='word_1_290' title='bbox 917 2903 972 2957; x_wconf 91' lang='lat' dir='ltr'>in</span> <span class='ocrx_word' id='word_1_291' title='bbox 1004 2903 1148 2959; x_wconf 76' lang='lat' dir='ltr'>diem</span> <span class='ocrx_word' id='word_1_292' title='bbox 1178 2904 1440 2974; x_wconf 82' lang='lat' dir='ltr'>debetur3</span> <span class='ocrx_word' id='word_1_293' title='bbox 1469 2909 1851 2977; x_wconf 85' lang='lat' dir='ltr'>compensatur</span> <span class='ocrx_word' id='word_1_294' title='bbox 1892 2907 2075 2955; x_wconf 87' lang='lat' dir='ltr'>autem</span> <span class='ocrx_word' id='word_1_295' title='bbox 2115 2896 2219 2951; x_wconf 90' lang='lat' dir='ltr'>hoc</span> 
     </span>
     <span class='ocr_line' id='line_1_35' title="bbox 245 2981 2213 3056; baseline -0.002 -20"><span class='ocrx_word' id='word_1_296' title='bbox 245 2981 419 3036; x_wconf 87' lang='lat' dir='ltr'>solum</span> <span class='ocrx_word' id='word_1_297' title='bbox 454 2982 597 3054; x_wconf 90' lang='lat' dir='ltr'>quod</span> <span class='ocrx_word' id='word_1_298' title='bbox 643 2983 905 3056; x_wconf 77' lang='lat' dir='ltr'>praesenti</span> <span class='ocrx_word' id='word_1_299' title='bbox 939 2983 1024 3038; x_wconf 90' lang='lat' dir='ltr'>die</span> <span class='ocrx_word' id='word_1_300' title='bbox 1061 2985 1309 3041; x_wconf 85' lang='lat' dir='ltr'>debetur.</span> <span class='ocrx_word' id='word_1_301' title='bbox 1389 2989 1520 3041; x_wconf 73' lang='lat'>88.</span> <span class='ocrx_word' id='word_1_302' title='bbox 1568 2985 1841 3040; x_wconf 74' lang='lat' dir='ltr'>Praeterea</span> <span class='ocrx_word' id='word_1_303' title='bbox 1886 2993 2213 3052; x_wconf 86' lang='lat' dir='ltr'>compensa-</span> 
     </span>
     <span class='ocr_line' id='line_1_36' title="bbox 244 3058 2214 3139; baseline -0.002 -24"><span class='ocrx_word' id='word_1_304' title='bbox 244 3060 404 3116; x_wconf 87' lang='lat' dir='ltr'>tionis</span> <span class='ocrx_word' id='word_1_305' title='bbox 435 3063 651 3135; x_wconf 86' lang='lat' dir='ltr'>quidem</span> <span class='ocrx_word' id='word_1_306' title='bbox 697 3064 834 3121; x_wconf 88' lang='lat' dir='ltr'>ratio</span> <span class='ocrx_word' id='word_1_307' title='bbox 883 3064 936 3119; x_wconf 91' lang='lat' dir='ltr'>in</span> <span class='ocrx_word' id='word_1_308' title='bbox 980 3064 1279 3121; x_wconf 87' lang='lat' dir='ltr'>intentione</span> <span class='ocrx_word' id='word_1_309' title='bbox 1325 3065 1573 3139; x_wconf 81' lang='lat' dir='ltr'>ponitur3</span> <span class='ocrx_word' id='word_1_310' title='bbox 1615 3081 1721 3138; x_wconf 91' lang='lat' dir='ltr'>quo</span> <span class='ocrx_word' id='word_1_311' title='bbox 1761 3064 1842 3132; x_wconf 83' lang='lat' dir='ltr'>fit,</span> <span class='ocrx_word' id='word_1_312' title='bbox 1885 3069 1946 3118; x_wconf 87' lang='lat' dir='ltr'>ut</span> <span class='ocrx_word' id='word_1_313' title='bbox 1990 3059 2038 3115; x_wconf 90' lang='lat' dir='ltr'>si</span> <span class='ocrx_word' id='word_1_314' title='bbox 2074 3058 2214 3113; x_wconf 87' lang='lat' dir='ltr'>facta</span> 
     </span>
     <span class='ocr_line' id='line_1_37' title="bbox 246 3141 2212 3217; baseline -0.001 -21"><span class='ocrx_word' id='word_1_315' title='bbox 246 3141 680 3217; x_wconf 88' lang='lat' dir='ltr'>compensatione</span> <span class='ocrx_word' id='word_1_316' title='bbox 732 3145 855 3217; x_wconf 89' lang='lat' dir='ltr'>plus</span> <span class='ocrx_word' id='word_1_317' title='bbox 910 3162 1128 3202; x_wconf 90' lang='lat' dir='ltr'>nummo</span> <span class='ocrx_word' id='word_1_318' title='bbox 1176 3164 1289 3203; x_wconf 92' lang='lat' dir='ltr'>uno</span> <span class='ocrx_word' id='word_1_319' title='bbox 1348 3146 1593 3202; x_wconf 89' lang='lat' dir='ltr'>intendat</span> <span class='ocrx_word' id='word_1_320' title='bbox 1646 3142 2015 3217; x_wconf 88' lang='lat' dir='ltr'>argentarius,</span> <span class='ocrx_word' id='word_1_321' title='bbox 2049 3155 2212 3197; x_wconf 88' lang='lat' dir='ltr'>causa</span> 
     </span>
     <span class='ocr_line' id='line_1_38' title="bbox 242 3222 2210 3300; baseline -0.002 -21"><span class='ocrx_word' id='word_1_322' title='bbox 242 3224 399 3280; x_wconf 89' lang='lat' dir='ltr'>cadat</span> <span class='ocrx_word' id='word_1_323' title='bbox 428 3232 479 3279; x_wconf 74' lang='lat' dir='ltr'>et</span> <span class='ocrx_word' id='word_1_324' title='bbox 511 3224 580 3279; x_wconf 88' lang='lat' dir='ltr'>oh</span> <span class='ocrx_word' id='word_1_325' title='bbox 618 3224 673 3279; x_wconf 88' lang='lat' dir='ltr'>id</span> <span class='ocrx_word' id='word_1_326' title='bbox 719 3243 835 3281; x_wconf 89' lang='lat' dir='ltr'>rem</span> <span class='ocrx_word' id='word_1_327' title='bbox 870 3226 1063 3300; x_wconf 90' lang='lat' dir='ltr'>perdat</span> <span class='ocrx_word' id='word_1_328' title='bbox 1097 3246 1108 3281; x_wconf 92' lang='lat'>:</span> <span class='ocrx_word' id='word_1_329' title='bbox 1143 3227 1399 3283; x_wconf 87' lang='lat' dir='ltr'>deductio</span> <span class='ocrx_word' id='word_1_330' title='bbox 1428 3243 1557 3281; x_wconf 86' lang='lat' dir='ltr'>vero</span> <span class='ocrx_word' id='word_1_331' title='bbox 1602 3226 1669 3281; x_wconf 88' lang='lat' dir='ltr'>ad</span> <span class='ocrx_word' id='word_1_332' title='bbox 1699 3222 2210 3280; x_wconf 88' lang='lat' dir='ltr'>condemnationem</span> 
     </span>
     <span class='ocr_line' id='line_1_39' title="bbox 243 3303 2209 3381; baseline -0.003 -20"><span class='ocrx_word' id='word_1_333' title='bbox 243 3305 482 3377; x_wconf 88' lang='lat' dir='ltr'>ponitur,</span> <span class='ocrx_word' id='word_1_334' title='bbox 509 3321 616 3379; x_wconf 88' lang='lat' dir='ltr'>quo</span> <span class='ocrx_word' id='word_1_335' title='bbox 646 3306 762 3362; x_wconf 89' lang='lat' dir='ltr'>loco</span> <span class='ocrx_word' id='word_1_336' title='bbox 795 3306 918 3381; x_wconf 88' lang='lat' dir='ltr'>plus</span> <span class='ocrx_word' id='word_1_337' title='bbox 943 3308 1150 3381; x_wconf 83' lang='lat' dir='ltr'>petenti</span> <span class='ocrx_word' id='word_1_338' title='bbox 1186 3307 1488 3380; x_wconf 87' lang='lat' dir='ltr'>periculum</span> <span class='ocrx_word' id='word_1_339' title='bbox 1530 3324 1636 3361; x_wconf 90' lang='lat' dir='ltr'>non</span> <span class='ocrx_word' id='word_1_340' title='bbox 1667 3305 1985 3371; x_wconf 87' lang='lat' dir='ltr'>intervenit;</span> <span class='ocrx_word' id='word_1_341' title='bbox 2022 3303 2209 3375; x_wconf 81' lang='lat' dir='ltr'>utique</span> 
     </span>
     <span class='ocr_line' id='line_1_40' title="bbox 244 3381 2207 3461; baseline 0.003 -19"><span class='ocrx_word' id='word_1_342' title='bbox 244 3386 507 3442; x_wconf 88' lang='lat' dir='ltr'>bonorum</span> <span class='ocrx_word' id='word_1_343' title='bbox 538 3395 780 3459; x_wconf 86' lang='lat' dir='ltr'>emptore</span> <span class='ocrx_word' id='word_1_344' title='bbox 822 3396 1041 3460; x_wconf 86' lang='lat' dir='ltr'>agente,</span> <span class='ocrx_word' id='word_1_345' title='bbox 1086 3388 1177 3461; x_wconf 87' lang='lat' dir='ltr'>qui</span> <span class='ocrx_word' id='word_1_346' title='bbox 1227 3388 1354 3444; x_wconf 90' lang='lat' dir='ltr'>licet</span> <span class='ocrx_word' id='word_1_347' title='bbox 1395 3387 1461 3442; x_wconf 92' lang='lat' dir='ltr'>de</span> <span class='ocrx_word' id='word_1_348' title='bbox 1495 3394 1642 3443; x_wconf 85' lang='lat' dir='ltr'>certa</span> <span class='ocrx_word' id='word_1_349' title='bbox 1681 3386 1913 3461; x_wconf 88' lang='lat' dir='ltr'>pecunia</span> <span class='ocrx_word' id='word_1_350' title='bbox 1949 3391 2093 3456; x_wconf 73' lang='lat' dir='ltr'>agat,</span> <span class='ocrx_word' id='word_1_351' title='bbox 2125 3381 2207 3435; x_wconf 74' lang='lat' dir='ltr'>in·</span> 
     </span>
     <span class='ocr_line' id='line_1_41' title="bbox 240 3466 1415 3541; baseline -0.002 -16"><span class='ocrx_word' id='word_1_352' title='bbox 240 3466 377 3525; x_wconf 84' lang='lat' dir='ltr'>certi</span> <span class='ocrx_word' id='word_1_353' title='bbox 408 3474 587 3523; x_wconf 89' lang='lat' dir='ltr'>tamen</span> <span class='ocrx_word' id='word_1_354' title='bbox 613 3466 1120 3526; x_wconf 80' lang='lat' dir='ltr'>condemnationem</span> <span class='ocrx_word' id='word_1_355' title='bbox 1157 3469 1415 3541; x_wconf 88' lang='lat' dir='ltr'>concipit.</span> 
     </span>
    </p>

    <p class='ocr_par' dir='ltr' id='par_1_5' title="bbox 239 3541 2207 3702">
     <span class='ocr_line' id='line_1_42' title="bbox 311 3541 2207 3622; baseline -0.005 -19"><span class='ocrx_word' id='word_1_356' title='bbox 311 3551 446 3603; x_wconf 65' lang='lat'>8¹).</span> <span class='ocrx_word' id='word_1_357' title='bbox 491 3546 626 3610; x_wconf 87' lang='lat' dir='ltr'>Quia</span> <span class='ocrx_word' id='word_1_358' title='bbox 669 3556 849 3605; x_wconf 87' lang='lat' dir='ltr'>tamen</span> <span class='ocrx_word' id='word_1_359' title='bbox 893 3550 1149 3622; x_wconf 88' lang='lat' dir='ltr'>superius</span> <span class='ocrx_word' id='word_1_360' title='bbox 1189 3549 1519 3605; x_wconf 88' lang='lat' dir='ltr'>mentionem</span> <span class='ocrx_word' id='word_1_361' title='bbox 1548 3548 1841 3606; x_wconf 84' lang='lat' dir='ltr'>habuimus</span> <span class='ocrx_word' id='word_1_362' title='bbox 1893 3547 1960 3602; x_wconf 85' lang='lat' dir='ltr'>de</span> <span class='ocrx_word' id='word_1_363' title='bbox 1997 3541 2207 3599; x_wconf 85' lang='lat' dir='ltr'>actione</span> 
     </span>
     <span class='ocr_line' id='line_1_43' title="bbox 239 3626 2203 3702; baseline -0.002 -18"><span class='ocrx_word' id='word_1_364' title='bbox 239 3645 348 3701; x_wconf 87' lang='lat' dir='ltr'>qua</span> <span class='ocrx_word' id='word_1_365' title='bbox 376 3627 433 3683; x_wconf 91' lang='lat' dir='ltr'>in</span> <span class='ocrx_word' id='word_1_366' title='bbox 461 3626 732 3700; x_wconf 86' lang='lat' dir='ltr'>peculium</span> <span class='ocrx_word' id='word_1_367' title='bbox 767 3628 1237 3686; x_wconf 79' lang='lat' dir='ltr'>filiorumfamilias</span> <span class='ocrx_word' id='word_1_368' title='bbox 1264 3645 1655 3702; x_wconf 86' lang='lat' dir='ltr'>servorumque</span> <span class='ocrx_word' id='word_1_369' title='bbox 1683 3631 1883 3701; x_wconf 82' lang='lat' dir='ltr'>agitur,</span> <span class='ocrx_word' id='word_1_370' title='bbox 1910 3644 2049 3700; x_wconf 86' lang='lat' dir='ltr'>opus</span> <span class='ocrx_word' id='word_1_371' title='bbox 2094 3632 2203 3686; x_wconf 89' lang='lat' dir='ltr'>est,</span> 
     </span>
    </p>
   </div>
  </div>
 </body>
</html>
